3136 5078
726 284 768 348 57

148 475 279 544 ridendi
295 475 445 544 facultati
460 474 743 562 praetulisset.²⁰1)
776 476 889 563 Atque
904 477 1002 542 etiam
1015 475 1234 563 Harpyiarum
1251 496 1340 544 men-

148 582 194 650 t'io
210 585 295 649 facta
310 589 389 665 erat,
414 604 495 670 quas
512 582 609 668 Zetes
625 586 674 670 (et
691 582 815 671 Calais)
832 583 995 669 usquead
1009 584 1133 650 insulas
1161 585 1201 651 ab
1224 584 1339 651 horum

148 690 357 758 conversione
380 689 578 776 Strophades
598 692 781 757 nominatas
806 695 917 757 essent
938 693 1110 776 persecuti.
1163 689 1340 758 Conversos

148 798 237 864 enim
265 796 373 863 lovem
401 798 563 863 Aeneium
591 818 646 864 eos
675 817 822 880 rogasse,
857 803 897 863 ut
931 817 1045 884 capere
1081 797 1143 865 sibi
1179 797 1340 885 Harpyias

148 907 358 990 contingeret,
384 904 442 971 sed
464 904 618 970 Mercurii
641 906 736 971 iussu
760 903 923 972 destitisse
948 925 968 970 a
990 904 1231 993 proposic0.2⁰²)
1263 906 1340 972 Filii

55 1006 58 1012 ’
149 1012 289 1100 denique
312 1012 427 1079 Phinei
450 1011 603 1078 dicuntur
627 1009 760 1098 Thynus
784 1017 818 1078 et
838 1010 1144 1099 Mariandynus.²⁰⁸)

239 1120 405 1208 Harpyiae
434 1140 510 1186 vero
539 1122 574 1185 in
596 1119 732 1186 Hesiodi
757 1119 983 1203 Theogonis
1014 1119 1167 1186 dicuntur
1189 1119 1282 1187 Aello
1307 1128 1341 1188 et
1437 1123 1442 1130 '

151 1229 293 1316 Ocypete
318 1223 531 1316 Thaumantis
555 1233 589 1294 et
612 1227 761 1294 Electrae
787 1227 985 1294 Oceanitidis
1008 1226 1167 1314 filicem>
1198 1227 1234 1293 In
1257 1229 1340 1295 eius·

149 1334 223 1401 dem
246 1335 338 1400 cuins
362 1334 408 1400 ibi
432 1335 540 1399 solum
561 1333 683 1401 mentio
706 1335 744 1400 fit
766 1336 909 1400 carmine
932 1340 990 1424 γῆς
1011 1334 1157 1423 περίοδος
1183 1335 1341 1402 Phineum

150 1443 199 1528 (in
222 1438 405 1527 Scythiam)
435 1441 477 1506 ad
508 1439 748 1528 Glactophagos
784 1442 959 1509 abductum
993 1443 1096 1508 fuisse
1131 1444 1171 1510 ab
1199 1441 1340 1530 Harpyis

146 1548 296 1636 Ephorus
320 1549 429 1615 tradit.
453 1588 496 1599 -
519 1549 832 1636 Naupactiorum
855 1571 930 1616 vero
954 1555 1051 1637 poieta
1074 1551 1260 1632 confugisse
1285 1570 1340 1616 eos

149 1655 229 1722 dicit
251 1659 284 1722 in
309 1656 423 1723 Cretae
448 1663 578 1722 antrum
602 1656 662 1724 snb
686 1658 868 1740 Arginunte
892 1658 973 1723 colle
997 1655 1169 1744 situm.2⁰⁵)

238 1763 427 1831 Garminum
450 1763 653 1830 heroicorum
675 1766 782 1831 instar
805 1769 933 1831 vetusta
955 1765 1014 1831 illa
1037 1769 1115 1831 sunt
1129 1765 1208 1831 artis
1224 1785 1339 1831 monu-

146 1875 266 1955 menta,
290 1875 450 1958 quantum
473 1871 606 1957 quidem
620 1871 798 1939 Pausanias
823 1877 929 1939 certus
953 1891 1066 1938 eorum
1089 1875 1141 1938 est
1162 1872 1338 1957 interpres:

149 1977 310 2064 Cypseli
333 1978 404 2045 dico
429 1980 572 2045 cistam
595 1985 628 2046 et
656 1980 800 2045 solium
822 1980 1090 2066 Amyclaeum.
1137 1979 1174 2045 In
1200 1983 1339 2065 utroque

149 2085 323 2172 Aquilonis
346 2085 405 2152 filii
428 2084 591 2172 Harpyias
616 2107 636 2152 a
659 2087 780 2152 Phineo
802 2088 956 2170 fugantes
979 2088 1046 2152 ficti
1069 2084 1234 2173 orantur)
1279 2133 1284 2162 ,

237 2191 418 2260 Hesiodum
440 2195 474 2260 in
498 2194 609 2261 fabula
632 2195 811 2261 enarranda
834 2200 967 2262 secutus
992 2199 1042 2262 est
1061 2193 1338 2274 Antimachus,

150 2301 207 2387 qui
230 2301 343 2368 Phinei
366 2304 505 2369 maiores
529 2301 661 2370 eosdem
683 2303 769 2370 dixit
791 2307 825 2369 et
851 2303 964 2370 eodem
991 2302 1087 2369 modo
1111 2300 1339 2388 Strophadum,

150 2486 262 2538 hlercuri
280 2485 309 2550 f,
336 2485 406 2538 filiae
433 2486 450 2537 i.
472 2501 493 2538 e.
514 2484 690 2553 Cassiopeiee,
709 2487 809 2539 mentio
828 2486 875 2538 fit..
896 2512 930 2521 -
950 2479 997 2550 ⁹⁰¹)
1016 2486 1089 2538 Hes.
1108 2485 1140 2537 tr.
1163 2483 1220 2537 162.
1241 2485 1275 2538 75
1295 2485 1339 2538 Ki.

149 2572 241 2638 (schel.
261 2575 311 2641 Ap.
332 2573 381 2626 Rh.
401 2574 433 2640 11,
455 2570 517 2639 181)
547 2575 729 2644 πεπηρῶσθαι
757 2575 789 2628 δὲ
822 2570 901 2627 Φινέα
925 2573 1005 2643 φησὶν
1021 2570 1141 2633 Ἡσιόδος
1161 2575 1188 2624 ἐν
1207 2572 1339 2641 μεγάλαις

148 2656 251 2727 Ἠοίαις,
275 2664 317 2716 ὅτι
339 2661 431 2733 Φρίξῳ
451 2662 499 2732 τήν
518 2659 570 2727 (εἰς
591 2660 710 2716 Σκυθίαν
729 2664 803 2717 addit
823 2663 904 2718 schol.
924 2660 994 2729 Par.)
1016 2663 1081 2716 ὁδὸν
1102 2661 1239 2731 ἐμήνυσεν,
1260 2663 1288 2713 ἐν
1307 2662 1339 2714 δὲ

150 2746 190 2823 τῷ
206 2749 401 2821 γκαταλόγυνν,
422 2750 516 2822 ἐπειθ)
536 2752 582 2805 τὸν
599 2752 705 2822 μακρὸν
720 2752 819 2823 χρόνον
838 2754 888 2819 τῆς
906 2752 1000 2818 ὄφεως
1019 2751 1175 2822 προέκρινεν
1193 2749 1244 2816 (De
1258 2751 1337 2804 noeis

148 2844 180 2896 cf.
199 2843 433 2909 A-Kirehhoif,
452 2843 549 2895 homer.
564 2841 681 2909 Odyssee
700 2857 726 2910 p.
746 2836 851 2910 322t4).
871 2866 905 2878 -
925 2834 972 2905 ²⁰²)
991 2841 1079 2895 Schol.
1091 2843 1143 2910 Ap.
1163 2838 1214 2893 lth.
1232 2840 1266 2904 Il,
1286 2839 1337 2894 296

146 2953 181 2974 ==
199 2932 264 2986 Hes
284 2932 315 2986 fr.
334 2931 371 2985 80
390 2933 417 2985 οἱ
435 2932 468 2985 δὲ
489 2929 656 3001 Στροφάδας
674 2931 756 3001 φαολν
779 2931 866 2991 αὐτὰς
884 2930 1040 2998 κεκλῆσθαι,
1068 2931 1141 2983 καθὸ
1162 2929 1338 2999 ἐπιστραφέν-

147 3041 194 3082 τες
212 3009 312 3075 αὐτόθι
339 3019 456 3091 ηὔξαντο
485 3015 525 3090 τῷ
546 3019 586 3073 Διὶ
606 3020 772 3088 καταλαβεῖν
802 3020 851 3081 τὰς
865 3017 999 3091 Ἁρπυίας.
1029 3019 1099 3073 κατὰ
1118 3019 1151 3071 dd
1167 3014 1286 3071 Ἡσίοδον
1305 3020 1338 3071 οὐ

148 3111 295 3165 κτείνονται
323 3110 381 3163 coll.
411 3110 442 3162 fr.
471 3109 506 3163 78
535 3107 610 3173 (ibid.
639 3108 704 3174 297)
734 3110 774 3163 ὅτι
803 3110 835 3164 δὲ
863 3107 980 3181 ηὔξαντο
1000 3110 1026 3161 ol
1045 3109 1108 3178 περὶ
1127 3105 1219 3178 Ζήτην
1238 3101 1278 3178 τῷ
1297 3105 1338 3160 Διὶ

146 3202 316 3269 στραφέντες
336 3197 409 3268 λέγει
428 3197 472 3270 καλ
487 3194 618 3258 Ἡσίοδος·
639 3197 706 3263 ,ἔνθ’
726 3198 794 3268 οἵη)
810 3199 945 3270 εὐχέαθην
963 3196 1062 3268 Αἰνηΐφ
1083 3197 1258 3264 euripidem&
1283 3195 1339 3250 ἔστι

146 3289 201 3360 γὰρ
214 3287 291 3350 Αἶνος
303 3290 369 3359 ὄρος
381 3289 430 3356 τῆς
442 3285 639 3359 Κεφαλληνίας,
653 3288 722 3341 ὅπου
734 3285 858 3358 λίνηοίαυ
873 3286 936 3348 Διὸς
949 3288 1023 3358 ίερόν
1036 3289 1112 3340 ἐστιν.
1126 3312 1161 3323 -
1172 3279 1218 3350 ²⁰⁸)
1238 3285 1296 3350 Qua
1305 3287 1338 3339 de

145 3395 174 3432 re
187 3397 212 3433 r.
222 3380 293 3433 intra
305 3397 331 3448 p.
346 3378 389 3442 70,
399 3379 426 3432 n.
438 3378 545 3433 158.-
557 3373 603 3444 ²⁰⁴)
615 3381 689 3432 Hes.
701 3379 799 3449 Theog.
814 3378 867 3433 265
878 3395 934 3447 sqq.
946 3375 1028 3448 [Apd.
1038 3379 1058 3445 l,
1072 3378 1097 3443 9,
1111 3377 1154 3440 21,
1169 3376 1185 3429 6
1199 3376 1338 3445 Ocypeten

151 3470 185 3521 ab
204 3468 322 3524 Hesiodo
342 3468 486 3538 Ocypoden
504 3471 635 3522 nominari
653 3470 727 3523 dicit.
746 3470 775 3522 id
793 3470 863 3538 quod
882 3470 972 3523 nescio
992 3485 1027 3522 an
1046 3469 1111 3522 satis
1130 3483 1226 3522 musac
1245 3468 1289 3533 sit,
1308 3471 1338 3520 ut

146 3573 205 3611 cunr
224 3558 348 3612 Kinlrelio
376 3561 461 3612 totum
481 3557 633 3627 Apollodori
661 3559 747 3612 locum
776 3560 810 3636 ad
829 3559 976 3626 catalogum
995 3557 1107 3612 Hesiodi
1125 3557 1272 3610 referamus
1293 3550 1337 3621 [ir.

149 3642 218 3713 77]].
236 3673 271 3685 -
290 3641 336 3712 ²⁰⁵)
354 3648 426 3702 Hes.
451 3649 483 3702 fr.
503 3647 554 3700 221
576 3664 617 3716 ep.
637 3648 725 3702 Strab.
744 3649 803 3716 VII,
821 3649 848 3715 3,
868 3648 884 3700 9
903 3665 929 3716 p.
949 3647 1017 3701 302:
1042 3643 1191 3700 Ἡσίοδον
1210 3647 1235 3699 δ’
1257 3637 1338 3715 ivry}

146 3734 297 3808 καλουμένῃ
309 3740 360 3808 γῆς
378 3738 499 3809 περιόδῳ
521 3738 566 3790 τὸν
589 3735 669 3791 Φινέα
688 3739 741 3792 ὑπὸ
761 3743 815 3792 τῶν
828 3735 957 3808 Ἆρπυιῶν
975 3736 1103 3808 ἄγεσθαι·
1124 3734 1160 3801 ,Γ
1156 3735 1336 3804 λακτοφάγιυν

147 3825 177 3883 ἐς
195 3822 256 3877 α1αν
274 3825 388 3896 ἀπήναις
406 3826 471 3879 οἰκί’
492 3824 625 3897 ἐγόντυν.“
656 3825 744 3892 (Quod
763 3843 870 3880 carmen
888 3827 940 3880 nd.
954 3827 1131 3893 Schwartz,
1149 3827 1188 3879 De
1208 3824 1336 3892 Dionysio

145 3913 369 3980 Scytobrechione
396 3915 470 3972 ,1880
498 3933 525 3984 ρ.
544 3915 579 3969 30
607 3918 670 3971 ιι.1
700 3931 746 3984 pro
777 3917 888 3984 catalogi
916 3917 957 3970 rel
980 3916 1109 3970 Eoearum
1139 3925 1212 3984 parte
1236 3912 1336 3977 hahet.)

146 4029 180 4040 -
199 4003 356 4072 Naupact.
383 4005 414 4056 fr.
434 4006 451 4058 3
471 4024 505 4047 =
525 4005 606 4059 schol.
630 4006 680 4075 Ap.
699 4005 750 4060 Rh.
777 4006 810 4071 ll,
839 4005 892 4060 298
912 4021 968 4074 sqq.
998 4006 1013 4058 ὁ
1042 4007 1075 4059 δὲ
1102 4006 1136 4059 τὰ
1160 4000 1336 4059 Ναυπακτικὰ

144 4093 277 4164 ποιήσας.
292 4132 319 4146 ..
363 4093 404 4152 εἰς
444 4095 476 4147 τὸ
518 4095 602 4155 πέος
642 4096 729 4156 αὐτὰς
771 4100 867 4165 φυγεῖν
904 4097 953 4162 ιής
989 4092 1101 4166 Κρήτης
1138 4096 1170 4150 τὸ
1207 4095 1260 4148 ὑπὸ
1297 4088 1337 4164 τῷ

144 4183 223 4254 λόφῳ
266 4175 306 4253 τῷ
344 4177 507 4253 Ἀργινοῦντι.
550 4210 584 4220 -
627 4177 674 4251 ²⁰⁸)
715 4185 747 4239 In
788 4185 921 4253 Cypseli
963 4185 1046 4239 cista
1086 4202 1128 4254 ap.
1170 4185 1249 4238 Paus.
1291 4183 1336 4250 ΙΙΙ,

146 4276 188 4341 18,
219 4273 237 4327 8
269 4271 341 4339 (15):
379 4268 482 4332 Κάλαϊς
519 4274 552 4326 δὲ
590 4274 633 4327 καὶ
670 4273 762 4346 Ζήτης
799 4275 849 4334 τὰς
881 4270 1009 4344 Ἅρπυίας
1043 4271 1143 4333 Φινέως
1174 4271 1335 4325 ἀπελαύνου·

144 4380 189 4415 σιν.
210 4389 244 4399 -
263 4362 296 4415 ln
314 4362 398 4417 colio
418 4362 591 4430 Amyclaeo
610 4365 742 4433 spPeus.
762 4362 784 4433 ν,
806 4364 847 4430 17,
866 4360 960 4430 4111)
984 4361 1077 4423 Φινεύς
1095 4381 1125 4415 τε
1145 4364 1160 4415 ὀ
1180 4357 1254 4433 θρᾷξ
1270 4362 1335 4426 ἐστι’,
