3136 5078
759 301 800 363 51

671 389 885 400 -·—-—-—--——

184 515 322 582 rumque
337 495 432 559 unica
446 494 583 572 fuerant,
607 494 745 559 multum
768 492 909 558 tribuere
926 510 1057 557 necesse
1073 494 1144 556 erat
1167 495 1199 558 et
1221 490 1373 558 tribuisse

185 607 323 671 constat.
371 601 493 680 Quibus
522 599 680 682 addenda,
710 601 738 665 si
767 620 849 685 quae
880 599 1085 665 inveniantur
1113 600 1238 685 antiqui
1265 619 1374 664 rerum

187 716 293 779 status
320 709 457 790 vestigia
481 728 553 773 cum
575 707 760 790 volgaribus
783 706 902 772 fabulis
925 705 1012 772 nullo
1037 706 1165 772 omnino
1189 726 1276 772 nexu
1299 725 1375 771 con-

186 821 304 900 iuncta,
328 837 365 884 eo
394 817 452 881 illa
474 816 619 896 certiora,
653 816 731 901 quia
760 834 869 879 earum
892 815 1190 897 commutationum,
1215 834 1294 899 quas
1317 833 1375 878 no-

187 928 314 993 tissima
347 943 493 1010 quaeque
527 922 640 988 fabula
676 923 818 988 maxime
857 926 908 988 est
945 941 1053 1006 passa,
1092 925 1216 1006 partem
1254 921 1376 986 nullam

187 1034 377 1100 habuerunt.
418 1029 560 1095 Plurima
577 1050 651 1094 vero
667 1049 709 1094 ex
724 1029 776 1111 iis,
794 1048 876 1115 quae
892 1027 954 1094 huc
970 1029 1140 1116 pertinent,
1164 1028 1229 1093 iam
1246 1026 1375 1094 Odofr.

187 1136 419 1224 Mueller179)
444 1138 565 1223 optime
589 1136 729 1218 collegit.

277 1248 329 1314 Ac
350 1247 493 1332 primum
515 1244 645 1329 quidem
667 1241 901 1310 Hellanicus
917 1241 974 1329 180)
1013 1242 1114 1328 (apud
1149 1241 1319 1328 Ulpianum
1344 1244 1379 1308 in

187 1356 321 1423 scholiis
342 1352 619 1437 Demosthenicis)
643 1351 879 1418 Orchomenum
902 1352 1046 1417 narravit
1064 1349 1241 1436 Minyarum
1266 1350 1378 1415 urbem

188 1486 209 1529 a
225 1461 405 1528 Thracibus
422 1459 594 1544 aliquando
619 1465 744 1543 captam
770 1478 852 1524 esse.
892 1457 1058 1544 Expulsos
1081 1446 1156 1523 vero
1180 1449 1236 1543 (ex
1261 1455 1379 1523 scholio

190 1548 425 1657 ipsiif‘ahis
450 1567 581 1633 obscuro
606 1587 669 1632 non
691 1570 801 1652 potest
816 1572 904 1632 certo
927 1565 1107 1648 diiudicari,
1131 1570 1241 1631 utrum
1255 1563 1381 1649 Minyas

192 1676 410 1744 aThracibus
434 1675 599 1760 expuLsos,
625 1695 665 1739 an
690 1673 830 1740 Thraces
853 1678 968 1760 postea
991 1695 1103 1740 rursus
1127 1694 1147 1739 a
1173 1673 1292 1758 Minyis
1317 1673 1380 1738 cie-

191 1791 259 1853 etos
295 1784 474 1867 significare
509 1782 665 1868 voluerit)
696 1782 841 1848 Athenas
870 1782 1016 1864 venisse,
1046 1783 1152 1867 iisque
1185 1802 1205 1846 a
1233 1776 1381 1845 Municho

193 1892 428 1981 (Athenarum)
456 1910 530 1972 rege
560 1889 755 1974 permissum
785 1909 867 1971 esse,
896 1893 995 1955 uteo
1019 1890 1100 1971 loco,
1130 1908 1227 1975 quem
1256 1888 1382 1954 iamin

192 2002 277 2084 regis
306 1999 460 2065 honorem
482 1997 680 2063 Munichiam
703 1998 936 2079 nominassent,
962 1995 1174 2064 considerent.
1183 1994 1241 2081 181)
1266 2034 1310 2044 -
1332 1996 1383 2061 Ae

193 2109 332 2174 Thraces
346 2104 681 2192 quidemhlunichiam
693 2106 822 2170 venisse
834 2103 971 2191 putatU.
986 2101 1383 2189 dewilamowitz,182)
1404 2150 1406 2154 -

192 2238 267 2283 eum
295 2216 385 2282 illius
415 2213 529 2279 scholii
559 2233 673 2278 sensus
696 2211 881 2298 Minyarum
909 2213 1019 2298 potius
1049 2216 1172 2297 partem
1204 2212 1384 2296 significare

193 2324 392 2390 videatur.
443 2319 507 2387 Sed
532 2340 662 2406 quoquo
686 2320 782 2385 modo
804 2340 857 2385 res
882 2340 917 2386 se
940 2319 1047 2401 habet,
1082 2318 1166 2387 illud
1188 2320 1244 2385 vix
1266 2320 1386 2405 poterit

194 2430 347 2510 dubitari,
372 2429 452 2514 quin
470 2426 612 2525 „Thraces
637 2426 713 2493 olim
731 2425 968 2507 Orchomenum
991 2427 1145 2513 ceperint.
1182 2426 1385 2513 Quamquam

197 2537 253 2601 diu
280 2535 428 2601 tenuisse
455 2518 531 2600 ueri*
552 2535 656 2601 simile
686 2555 749 2600 non
780 2538 845 2615 est3
876 2538 934 2600 aut
961 2534 1071 2620 paullo
1094 2538 1168 2619 post
1191 2535 1286 2601 eiecti
1310 2540 1387 2600 sunt

197 2647 256 2709 aut
271 2645 385 2728 sponte
402 2639 542 2707 diruam
556 2643 669 2708 urbem
692 2643 910 2728 reliquerunt3
935 2642 1081 2707 conferas
1097 2640 1233 2706 Romam
1250 2663 1269 2707 a
1285 2641 1387 2708 Gallis

197 2751 249 2816 vel
273 2748 392 2817 Sardes
416 2769 436 2814 a
459 2748 639 2816 Cimmeriis
663 2756 783 2834 captas.
820 2749 963 2815 Possunt
985 2752 1096 2814 autem
1119 2747 1260 2815 Thraces
1283 2749 1331 2814 illi
1355 2755 1389 2817 et

197 2878 239 2923 ex
267 2856 404 2924 Boeotia
431 2857 505 2942 ipsa
533 2858 661 2923 venisse
691 2863 725 2923 et
756 2877 773 2923 e
809 2856 1121 2942 septentrionalibus,
1158 2876 1239 2942 quas
1273 2864 1388 2942 postea

279 3106 323 3173 ¹⁷⁹)
334 3110 556 3179 G.0.hlueller‚
566 3113 743 3167 Orchomenos
754 3112 922 3181 pate-91.
934 3139 968 3148 -
982 3107 1027 3177 180)
1041 3113 1169 3165 Hellen.
1186 3113 1217 3166 ir.
1231 3112 1274 3165 71.
1285 3112 1388 3182 ἐκλήθη

198 3203 231 3255 δὲ
241 3199 387 3272 Μουνίχιον,
398 3200 437 3260 ὣς
446 3220 525 3271 φησιν
536 3204 552 3255 ύ
564 3201 710 3272 Διόδωρος,
718 3203 892 3272 Ιπαραφέρων
901 3202 936 3255 τὰ
942 3197 1100 3267 Ἑλλανίκου,
1111 3201 1197 3270 λέγων
1207 3202 1245 3261 ὡς
1253 3200 1391 3270 (λέγοντος

198 3286 298 3355 Scribe)
329 3291 370 3344 ὅτι
399 3286 499 3363 θρᾷιές
527 3312 593 3347 ποτε
612 3293 826 3363 στρατεύσαντες
845 3292 914 3344 κατὰ
933 3297 986 3345 τῶν
1004 3292 1148 3346 οἰκούντων
1165 3286 1326 3362 Ὀρχομενὸν
1345 3293 1391 3344 τὸν

198 3379 318 3434 Μινύειον
344 3383 393 3447 τῆς
409 3379 542 3443 Βοιωτίας
565 3382 715 3449 ἐξέβαλλον
739 3382 839 3443 αὐτοὺς
858 3384 974 3435 ἐκεῖθεν.
994 3383 1020 3434 oi
1040 3383 1072 3434 δὲ
1091 3381 1288 3441 ἐξαναστάντες
1306 3378 1392 3448 ἦλύον

200 3472 240 3531 εἷς
264 3465 379 3540 Ἀθήνας
408 3470 453 3523 ἐπὶ
472 3469 601 3543 Μουνίχου
629 3471 773 3538 βασιλέως.
803 3474 818 3524 ὁ
847 3473 879 3524 δὲ
910 3473 1063 3542 ἐπέτρεψεν
1092 3472 1186 3530 αὐτοῖς
1213 3471 1318 3537 οἰκῆσαι
1346 3471 1392 3523 τὸν

200 3561 290 3625 τόπον,
304 3562 350 3614 τὸν
363 3560 427 3630 περὶ
441 3560 489 3630 τὴν
501 3557 650 3632 Μουνιχίαν,
669 3562 741 3621 ὅστις
752 3563 937 3631 ἐπωνομάσθη
948 3562 1012 3631 παρ’
1024 3562 1113 3614 αὐτῶν
1123 3562 1162 3621 είς
1172 3561 1248 3630 τιμὴν
1259 3565 1307 3613 τοῦ
1316 3561 1391 3627 βασι·

127 3671 129 3677 ’
201 3647 277 3707 λέως.
295 3675 328 3685 -
344 3641 389 3713 101)
403 3649 441 3702 Of.
454 3650 646 3718 Hermonem
660 3648 798 3722 Μουνιχία·
816 3647 1001 3711 Ἑλλάνικος
1013 3653 1046 3704 δὲ
1057 3654 1085 3703 ἐν
1097 3645 1131 3722 τῇ
1143 3652 1261 3722 δευτέρᾳ
1271 3646 1394 3709 ’Δηλίους

202 3737 361 3801 ὠνομάσθαι
384 3739 464 3809 φησίν
492 3739 547 3791 ἀπὸ
567 3736 698 3811 Μουνίχου
727 3741 797 3799 τινὸς
814 3739 951 3806 βασιλέως
976 3743 1024 3794 τοῦ
1044 3739 1239 3799 Παντακλέους.
1278 3741 1316 3792 De
1336 3741 1392 3793 Mu-

202 3826 279 3878 nichc
298 3829 459 3882 Athenarum
478 3843 541 3896 rege
565 3829 599 3881 of.
618 3830 650 3882 A.
670 3829 820 3894 Schafer,
839 3830 932 3883 Abriss
952 3831 999 3883 der
1018 3830 1219 3893 Ouellenkunde
1237 3823 1281 3882 1³
1304 3847 1329 3898 p.
1352 3829 1393 3883 18.

204 3940 237 3950 -
268 3908 314 3978 ¹⁸²)
342 3917 374 3970 U.
396 3918 422 3970 d.
445 3918 673 3986 Wilamowitz,
710 3919 767 3972 Ans
795 3919 939 3986 Kydathen
969 3935 997 3987 p.
1018 3915 1099 3984 137!ss
1127 3935 1154 3971 n.
1174 3917 1223 3986 62,
1264 3921 1310 3988 qui
1337 3922 1394 3974 hlu-

202 4004 309 4056 nichum
329 4005 402 4058 illum
421 4023 482 4060 cum
501 4008 612 4072 hinnite,
630 4009 783 4061 Acamantis
802 4006 958 4076 (Hegesipp.
977 4008 1061 4061 hliles.
1080 4008 1093 4061 1
1113 4024 1161 4075 ap.
1172 4008 1261 4062 Parth.
1284 4006 1328 4074 16)
1348 4015 1396 4063 aut

202 4093 395 4160 Demophontis
414 4094 494 4158 (Plut.
515 4097 595 4150 Thes.
614 4096 661 4162 34)
691 4114 724 4151 ex
742 4097 865 4162 Laodice,
895 4097 992 4150 Priami
1011 4097 1073 4163 filia,
1103 4096 1159 4150 filio
1179 4093 1248 4164 [aut
1276 4099 1304 4151 id
1323 4100 1394 4168 quod

204 4184 273 4236 idem
290 4184 345 4237 fere
365 4183 505 4253 significat,
535 4186 640 4253 Thesei,
668 4188 751 4256 patris
770 4187 884 4254 illorum,
913 4183 1019 4252 comite]
1039 4187 1177 4255 coniungit
1196 4183 1238 4254 [G.
1256 4188 1276 4243 L
1297 4189 1329 4244 G.
1347 4189 1396 4260 IV,

205 4268 272 4339 18a]
300 4290 388 4341 neque
412 4290 475 4328 vero
499 4275 615 4329 fabulam
643 4281 725 4330 totam
754 4278 787 4330 de
805 4277 922 4330 Munichi
950 4282 1028 4344 partu
1052 4281 1079 4329 et
1101 4279 1183 4330 morte
1204 4273 1293 4347 [quam
1312 4297 1395 4350 prope

201 4361 349 4429 Olynthum
371 4363 469 4418 obiisse
488 4362 596 4431 dicitur)
617 4371 679 4420 ante
692 4367 808 4421 medium
821 4367 944 4435 quintum
963 4366 1097 4419 saeculum
1116 4370 1199 4420 ortam
1218 4384 1276 4422 esse
1295 4376 1396 4426 censet.

1179 4453 1216 4510 4*
