3136 5078
814 310 848 373 a*

232 502 289 568 sed
311 522 370 589 pro
394 500 546 587 Typhone
575 501 755 569 habendam
778 500 813 568 G.
837 501 957 568 Robert
979 523 1009 567 v,
1032 501 1062 567 d.
1085 522 1138 567 me
1161 501 1279 584 docuit,
1310 522 1413 589 neque

230 610 265 675 in
299 609 396 695 pictis
431 610 517 676 vasis
552 612 628 675 ante
651 609 799 695 quintum
823 610 987 676 saeculum
1019 609 1183 695 Orithyiae
1205 614 1336 695 raptum
1360 629 1412 676 oc-

231 737 367 784 currere.
414 714 507 783 Unde
529 716 716 783 concludere
739 738 803 784 non
827 718 930 786 audeo
947 717 1096 783 antehoc
1118 721 1247 802 tempus
1270 716 1412 785 fabulam

218 829 332 891 ‘ortam
370 843 438 890 non
477 844 548 891 esse
585 863 627 874 -
665 825 730 891 scio
774 826 875 908 euim,
923 829 1077 911 quantam
1122 824 1261 891 habeant
1306 827 1412 910 suspi-

230 933 353 998 cionem
388 936 578 1014 argumenta
610 953 630 998 a
665 932 793 998 silentio
825 932 921 998 ducta
943 931 1030 1018 apud
1052 931 1181 998 criticos
1205 969 1253 991 -ι
1273 935 1308 998 at
1329 930 1413 998 illud

230 1043 339 1106 tamen
363 1040 515 1125 consequi
532 1039 661 1105 ridetur
675 1040 881 1106 nobilitatam
897 1059 968 1106 esse
991 1043 1060 1105 tum
1078 1039 1216 1121 demum,
1241 1041 1411 1125 postquam
1485 1099 1491 1112 ,

144 1198 154 1241 ,
199 1144 444 1235 ,Ἀίλιθυίουιοο
480 1145 593 1213 auxilii
628 1150 703 1213 ante
737 1148 886 1213 navalem
921 1145 1008 1232 apud
1029 1145 1243 1212 Artemisium
1272 1165 1412 1231 pugnam

146 1242 200 1317 2¹¹
232 1258 345 1320 contra
359 1255 474 1322 Persas
497 1253 557 1320 lati
580 1254 703 1337 gratias
725 1255 901 1320 referentes
918 1273 961 1320 ex
977 1252 1157 1340 (Delphici)
1182 1253 1235 1319 dei
1259 1273 1412 1339 responso

161 1348 173 1359 ¹
227 1362 386 1447 templum
401 1362 557 1448 Aquiloni
580 1360 866 1446 dedicaveruntw)
905 1359 999 1428 Certe
1023 1361 1097 1428 inde
1120 1362 1161 1428 ab
1185 1360 1246 1427 hoc
1268 1364 1412 1445 tempore

233 1468 380 1554 Orithyia
394 1468 566 1536 Erechthei
581 1469 648 1535 filia
663 1468 703 1535 ab
721 1468 867 1535 omnibus
883 1468 1077 1554 appellatur.
1106 1466 1320 1535 ·Praeolamm
1335 1485 1411 1532 vero
1523 1454 1526 1459 ’

227 1577 311 1643 illud
333 1577 459 1643 facinus
488 1575 666 1644 celebrasse
686 1574 838 1642 videntur
861 1595 940 1662 qnos
965 1578 998 1642 et
1022 1574 1152 1641 aliunde
1167 1575 1296 1642 Persica
1320 1574 1410 1654 bella,

226 1703 264 1749 ac
286 1684 427 1750 maxime
449 1682 697 1750 Atheniensium
724 1682 847 1764 laudes,
883 1683 1041 1751 extulisse
1070 1686 1212 1749 constat:
1248 1681 1411 1749 Choeri-

226 1789 354 1877 lum21)
379 1796 412 1858 et
434 1789 677 1858 Simonidem
700 1791 864 1877 inpugna
886 1789 1059 1877 navali;²²)
1091 1791 1172 1857 alter
1196 1791 1321 1872 cecinit,
1346 1810 1410 1876 quo

215 1897 321 1964 modo
338 1898 458 1984 Aquilo
482 1899 650 1965 exAttioa
673 1918 744 1964 eam
767 1899 801 1963 in
821 1896 989 1964 Thraciam
1014 1898 1214 1980 abduxisset,
1238 1898 1295 1963 ubi
1310 1896 1411 1964 Zeten

170 2041 173 2047 ·
226 2002 403 2092 Calainque
430 2026 471 2071 ex
494 2027 533 2072 ea
560 2006 736 2089 genuisset.
783 2006 847 2071 Ac.
861 2004 1060 2089 tragoediam
1089 2005 1219 2091 quidem
1244 2005 1410 2090 Orithyiae

228 2112 356 2177 nomine
371 2113 496 2198 primus
512 2112 736 2197 Aeschylus
751 2113 867 2179 fecisse
883 2110 1067 2198 videtur,23)
1085 2133 1278 2198 quamquam
1294 2112 1334 2178 de
1350 2112 1411 2178 hac

230 2237 345 2304 pamm
379 2223 519 2300 constat3
565 2239 668 2305 neque
715 2240 756 2285 ex
796 2218 1004 2306 Sophoclis
1045 2218 1192 2305 Orithyia
1237 2220 1411 2306 quidquam

228 2330 376 2410 superest
391 2327 453 2393 nisi
467 2346 568 2392 unum
584 2326 624 2392 de
641 2327 775 2410 virginis
798 2331 894 2414 raptu
916 2325 1196 2414 fragmentumss)
1237 2325 1302 2394 Sed
1323 2328 1408 2394 idem
1461 2389 1469 2401 ,

224 2431 259 2497 in
285 2432 448 2516 Antigone
475 2434 649 2520 Aquilonis
683 2440 716 2501 et
744 2434 907 2520 Orithyiae
937 2435 1037 2500 filiam
1067 2433 1268 2520 Cleopatram
1296 2433 1410 2502 Phinei

223 2559 358 2607 uxorem
382 2542 429 2606 ita
452 2542 622 2624 significat,
645 2546 683 2608 ut
706 2541 864 2608 dubitatio
888 2542 979 2607 nulla
1002 2543 1116 2608 relicta
1138 2541 1348 2628 videatur.2⁵)
1366 2583 1408 2592 -—

223 2646 272 2711 Ao
294 2647 407 2714 filios
431 2648 562 2735 quidem
576 2649 749 2735 Aquilonis
773 2650 858 2716 inter
872 2649 1078 2732 Argonautas
1102 2655 1248 2716 recenset
1266 2649 1410 2717 Pinda-

224 2849 305 2919 οὐραὶ
318 2850 350 2902 δὲ
363 2849 454 2919 ὄφεων
464 2850 521 2903 ἀντὶ
534 2851 625 2903 ποδῶν
638 2851 702 2903 εἶσιν
712 2844 876 2920 alluph-²⁰)
889 2849 1018 2914 ludovii,
1033 2849 1082 2902 189
1096 2849 1234 2920 λέγεται
1246 2850 1284 2903 δὲ
1296 2850 1409 2915 λόγος,
1439 2900 1441 2904 ,

224 2937 262 2996 ὡς
277 2933 413 3008 Ἀθηναῖοι
436 2940 482 2993 τὸν
504 2937 609 3009 Βορέην
633 2940 664 2991 ἐκ
687 2938 858 3008 θεοπροπίου
883 2937 1089 3003 ἐπεκαλέσαντο,
1110 2938 1240 2999 ἐλθόντος
1262 2959 1309 3009 σςοι
1327 2938 1408 3003 ἄλλου

219 3027 390 3098 χρηστηρίου
418 3030 465 3082 τὸν
491 3028 618 3099 γαμβρὸν
646 3028 788 3099 ἐπίκουρον
816 3028 990 3082 καλέσασθαι.
1037 3026 1144 3099 Βορέης
1171 3029 1203 3082 δὲ
1233 3029 1317 3082 κατὰ
1351 3030 1409 3083 τὸν

220 3111 374 3187 Ἑλλήνων
402 3118 501 3189 λόγον
538 3114 600 3185 [hoo
628 3123 697 3172 certs
725 3119 758 3172 ad
786 3119 902 3186 poetas
930 3119 1047 3186 pertinet
1065 3119 1135 3171 infra
1163 3116 1321 3187 laudandos]
1352 3118 1408 3192 ἔχει

227 3211 339 3278 γυναῖκα
367 3203 498 3278 Ἀττικὴν,
523 3203 678 3279 Ὠρείθυιαν
705 3207 753 3278 την
777 3203 921 3280 ’Βρεχθέος
939 3247 1053 3261 .....
1073 3209 1105 3261 οί
1128 3203 1154 3260 d’
1175 3207 1217 3261 ὧν
1233 3204 1413 3280 Ἀθηναῖοί

221 3315 280 3367 σφι
299 3297 437 3369 λέγουσι
453 3297 623 3369 βωθῆσαντα
641 3299 688 3352 τὸν
706 3295 811 3369 Βορέην
830 3298 965 3370 πρότερον
983 3294 1096 3364 [scilicet
1108 3298 1171 3368 περὶ
1180 3293 1271 3365 Ἀθω]
1286 3299 1331 3352 καὶ
1344 3300 1408 3353 τότε

224 3389 315 3441 ἐκεῖνα
339 3389 570 3460 κατεργάσασθαι,
589 3387 634 3440 καλ
652 3388 711 3457 ἱρὸν
729 3387 899 3447 ἀπελθόντες
915 3385 1011 3457 Βορέω
1030 3387 1172 3457 ἱδρύσαντο
1191 3388 1267 3458 παρὰ
1286 3389 1408 3453 ποταμὸν

221 3472 334 3531 Ἰλισσόν.
349 3478 519 3531 -Forsitan
539 3494 572 3530 ex
591 3477 696 3530 oraculo
716 3477 835 3544 sequitur
853 3477 937 3529 fuisse
950 3477 1108 3545 Aquilonem
1130 3478 1183 3530 iam
1195 3484 1277 3532 autea
1293 3477 1406 3531 Atheni·

222 3567 326 3619 ensium
344 3567 461 3634 affinem
484 3567 503 3619 i.
523 3582 546 3619 s.
565 3564 704 3618 Erechthei
722 3563 792 3617 filiae
812 3564 960 3632 coniugem.
1001 3565 1054 3619 Sed
1072 3566 1218 3620 notandum
1241 3567 1332 3620 eodem
1351 3567 1406 3619 iere

223 3657 343 3724 ternpore
363 3655 436 3724 ipsos
454 3655 571 3724 Delphos
591 3670 625 3707 ex
643 3654 746 3708 oraculo
765 3653 834 3706 intra
852 3654 977 3722 Thyias
999 3655 1127 3724 templum
1150 3670 1220 3708 aram
1240 3655 1326 3710 ventis
1345 3671 1407 3710 con·

224 3743 333 3812 didisse,
360 3745 407 3800 ubi
435 3744 467 3798 ed
486 3743 613 3798 Herodoti
640 3759 725 3812 usque
750 3747 867 3812 tempora
886 3739 960 3811 [Hdt.
979 3744 1037 3810 Vll,
1060 3741 1123 3811 178]
1152 3759 1227 3798 sacra
1244 3745 1351 3799 fiebant.
1371 3771 1405 3781 -

221 3824 256 3900 ²¹)
276 3834 451 3889 Choerilus
470 3851 513 3904 cp·
533 3834 613 3888 schol.
632 3833 663 3887 L.
682 3834 733 3902 Ap.
746 3833 795 3886 Rh.
814 3834 834 3900 Ι,
854 3833 920 3887 211:
940 3831 1067 3905 Χοιρίλος
1086 3835 1119 3887 δὲ
1131 3834 1310 3904 ἁρπασθῆναί
1326 3855 1406 3906 φησιν

221 3925 306 3994 αὐτὴν
324 3922 412 3978 ἄνθεα
432 3925 604 3995 ἀμέργουσαν
631 3923 684 3977 ὑπὸ
712 3923 762 3984 τὰς
785 3927 833 3977 τοῦ
851 3920 975 3994 Κηφισοῦ
994 3926 1091 3995 πηγάς.
1111 3950 1145 3961 -
1166 3917 1200 3989 ²⁹)
1219 3924 1443 3979 Simonidess

220 4015 300 4068 ibid:
319 4016 337 4085 ἡ
357 4015 390 4067 δέ
406 4010 546 4085 Ὠρείθυια
561 4008 713 4085 Ἐρεχθέως
724 4014 859 4084 θυγάτηρ,
879 4013 910 4082 ἣν
930 4013 964 4074 ἐξ
977 4009 1101 4082 Ἀττικῆς
1119 4013 1246 4083 ἁρπάσας
1265 4015 1280 4066 ὁ
1299 4011 1406 4085 Βορέας

221 4103 322 4174 ἤγαγεν
341 4105 381 4165 εἰς
397 4100 511 4175 θρᾴκην,
531 4105 639 4157 κάκεῖσε
652 4101 788 4156 συνελθὼν
807 4101 885 4157 έτεκε
904 4101 995 4174 Ζήτην
1014 4103 1057 4156 καλ
1070 4099 1181 4168 Κάλαϊν,
1201 4104 1239 4163 ιίις
1254 4101 1406 4172 Σιμωνίδης

222 4196 250 4246 ἐν
269 4189 304 4266 τῇ
322 4193 462 4265 ναυμαχίᾳ,
482 4220 516 4231 -
536 4187 571 4258 ²³)
590 4193 682 4247 Nauck
702 4193 733 4246 T.
752 4192 783 4246 G.
802 4192 833 4246 F.
851 4192 885 4246 ad
898 4193 993 4246 Aeech.
1012 4195 1044 4246 fr.
1055 4193 1108 4248 275
1127 4211 1153 4262 p.
1168 4192 1211 4247 70.
1230 4219 1264 4230 -
1285 4186 1318 4258 ²⁴)
1338 4192 1404 4247 lbid.

220 4283 300 4352 Soph.
319 4284 349 4336 fr.
370 4283 423 4337 658
442 4300 468 4351 p.
488 4281 549 4336 230.
569 4309 603 4318 -
620 4274 657 4347 .⁹⁵)
676 4281 770 4350 Soph.
789 4281 852 4336 Ant.
872 4280 989 4348 981—6,
1009 4283 1041 4337 of.
1053 4282 1180 4337 966-76
1200 4283 1275 4351 plura
1292 4299 1317 4335 r.
1336 4282 1404 4334 infra

220 4390 247 4441 p.
261 4370 399 4426 61.65.-
410 4365 624 4440 ²⁶)Pind.1>yoh.
630 4372 675 4436 IV,
689 4371 826 4425 319-26:
841 4373 938 4444 ταχέες
953 4371 958 4438 Ι
975 4368 1000 4425 δ’
1015 4373 1086 4443 ἀμφὶ
1100 4369 1240 4442 Παγγαίου
1252 4370 1404 4437 θεμέθλοις
