3136 5078
759 334 801 398 75

274 527 324 594 Ι)1
346 527 406 593 hac
421 526 671 617 Teucrorumet
683 526 851 622 Mysorum
873 528 1077 623 migratione
1090 527 1216 615 dicendi
1239 528 1290 594 hic
1310 547 1372 593 non

186 640 236 702 cst
273 633 442 722 11111131)
496 634 701 720 Respiciendi
739 640 848 702 tamen
885 637 1033 718 fuerunt,
1073 636 1150 721 quia
1186 634 1372 703 Herodotus

187 748 333 810 auctores
356 763 432 810 suos
449 742 606 829 Bithynos
629 744 712 810 hanc
736 744 974 829 expeditionem
996 765 1091 811 nosse
1112 750 1145 810 11
1160 743 1373 828 Bithynorum

190 849 478 937 (Strymoniorum)
508 851 723 936 expeditionis
748 891 789 901 —
816 853 884 918 sive
911 853 1009 935 fugae
1034 891 1076 901 -
1100 871 1232 918 causam
1262 859 1372 937 protu-

186 958 264 1024 lisse
299 957 378 1023 dicit
412 960 486 1043 (aut
514 963 600 1024 certe
625 957 730 1025 dicere
764 959 916 1045 videtur).
963 959 1010 1025 At
1038 958 1122 1025 docti
1151 960 1283 1025 fuerunt
1305 979 1373 1024 me-

184 1064 314 1131 hercule
337 1065 385 1130 illi
407 1062 553 1150 Bithyni!
585 1064 700 1132 Nonne
724 1071 757 1132 et
780 1071 889 1132 cetera
913 1068 1021 1132 omnia
1044 1065 1083 1132 de
1107 1065 1210 1152 Mysis
1234 1070 1267 1132 et
1289 1064 1372 1131 Teu-

184 1173 247 1238 cris
271 1172 312 1237 ab
336 1172 449 1239 eodem
470 1174 689 1240 eruditissimo
706 1179 836 1240 anctore
851 1172 1036 1241 Herodotus
1053 1173 1172 1240 habet?
1197 1170 1261 1239 Sed
1283 1174 1372 1238 cuius

183 1281 270 1347 modi
295 1300 334 1346 ea
363 1282 428 1347 sint
462 1281 639 1348 videamus.
687 1281 776 1347 Dicit
798 1280 983 1348 Herodotus
1015 1281 1211 1348 Teucrorum
1240 1279 1372 1364 expedi-

186 1389 307 1455 tionem
342 1393 416 1454 ante
440 1388 553 1455 Troica
580 1390 692 1456 fuisse.
741 1390 786 1457 At
814 1390 894 1455 cur?
929 1389 1049 1456 nullam
1075 1391 1171 1456 aliam
1197 1388 1310 1476 opinor
1334 1387 1372 1452 ob

184 1514 330 1577 causam,
370 1517 466 1582 quam
492 1496 578 1583 quod
601 1517 621 1562 a
644 1495 777 1562 Teucris
801 1497 928 1562 oriundi
952 1501 1028 1563 sunt
1050 1497 1207 1579 Paeones,
1232 1495 1373 1561 Paeones

185 1608 293 1669 autern
318 1604 383 1668 iam
406 1602 566 1671 Homerus
589 1603 676 1690 apud
692 1605 816 1669 Axium
839 1604 1022 1671 habitantes
1044 1605 1144 1671 novit.
1180 1601 1250 1668 Hoc
1272 1603 1374 1684 igitur

184 1731 278 1777 nemo
306 1711 415 1798 potuit
443 1710 549 1777 dicere
577 1712 641 1776 nisi
673 1709 868 1777 Graecorum
899 1713 973 1797 quis
1004 1712 1186 1778 fabularum
1216 1709 1373 1795 peritissi-

184 1839 268 1884 mus.
328 1817 393 1885 Sed
438 1816 568 1885 concedi
614 1822 722 1905 potest
766 1816 967 1885 Herodotum
1012 1817 1236 1901 interrogando
1266 1819 1375 1880 -ut

184 1925 221 1989 fit
259 1964 304 1974 —
343 1945 383 1991 ex
423 1927 561 2013 simplici
595 1926 724 1992 homine
760 1926 907 1993 elicuisse
942 1928 1050 2013 plura,
1087 1948 1183 2014 quarn
1219 1926 1270 1991 hic
1303 1927 1373 2012 ipse

185 2037 272 2098 certo
297 2033 410 2110 sciret3
436 2035 490 2098 vix
505 2038 614 2099 tamen
630 2034 770 2101 dubitari
785 2054 881 2121 posse
897 2033 1035 2116 videtur,
1060 2034 1139 2119 quin
1156 2033 1286 2118 Bithyni
1311 2034 1372 2118 ipsi

189 2141 343 2207 memoria
377 2142 538 2207 tenuerint
565 2140 652 2229 apud
676 2139 879 2227 Strymonem
913 2162 992 2230 suas
1028 2143 1106 2209 olim
1140 2143 1240 2220 fuisse
1259 2142 1372 2219 sedes.
1429 2140 1450 2211 ἲ

184 2247 229 2313 Ε1
251 2248 311 2313 hoc
335 2247 465 2334 quidem
488 2249 598 2315 fabule
621 2249 760 2334 quadam
785 2270 804 2315 a
827 2248 959 2317 Graecis
982 2252 1088 2335 poetis
1113 2249 1258 2330 exculta,
1288 2268 1373 2329 quae

186 2355 394 2421 nihilominus
429 2360 558 2441 praeter
593 2361 719 2423 ceteras
743 2354 913 2422 Thraciam
947 2376 1024 2442 prae
1052 2377 1087 2424 se
1114 2357 1180 2422 fert
1206 2356 1381 2440 originem,¹

183 2464 302 2527 mirum
337 2469 493 2548 quantum
516 2464 731 2543 confirmatur,
768 2461 909 2529 Rhesum
932 2463 1019 2546 dieo,
1051 2465 1106 2550 qui
1130 2464 1218 2529 etin
1242 2463 1374 2549 Europa

186 2568 272 2654 apud
301 2567 503 2653 Strymonem
540 2568 647 2634 cultus
683 2574 733 2635 est
760 2591 779 2635 a
809 2568 985 2636 Thracibus
1020 2572 1114 2636 etin
1142 2571 1224 2636 Asia
1258 2570 1371 2636 saltem
1419 2645 1429 2665 ⁹

186 2675 310 2741 flumini
344 2695 461 2741 nomen
496 2672 594 2740 dedit.
646 2675 696 2742 De
732 2697 794 2763 quo
829 2678 914 2743 infra
948 2679 1060 2763 paucis
1098 2678 1160 2743 erit
1194 2674 1372 2742 dicendum.

183 2783 401 2850 Pulcherrima
424 2788 475 2848 est
495 2784 663 2850 consensio
682 2782 824 2850 Graecae
840 2785 968 2851 fabulae
984 2804 1058 2850 cum
1073 2784 1209 2851 barbaro
1226 2788 1372 2861 auctore;

183 2893 350 2957 utinamne
372 2888 531 2957 Herodoti
554 2890 711 2976 quosdam
735 2897 884 2959 auctores
907 2912 1075 2959 nossemus
1098 2892 1214 2958 Persas
1239 2892 1374 2978 (λογίους

187 3000 338 3086 Περσέων
360 2996 439 3063 Η111.
463 2997 486 3080 I,
513 2999 565 3083 2!)
590 3004 622 3064 11
649 3001 829 3086 Aegyptios
854 2997 1049 3067 Graecarum
1071 2999 1252 3066 fabularum
1276 3001 1372 3065 nimis

184 3107 257 3172 illos
292 3107 428 3192 peritos,
457 3107 648 3192 praesertim
676 3127 750 3173 eum
772 3107 937 3175 Herodoto
978 3129 1059 3194 quae
1095 3107 1206 3174 audire
1241 3113 1374 3193 cuperet

184 3218 352 3279 narrarent
376 3216 433 3277 aut
455 3210 697 3298 responderent!

274 3320 320 3386 At
347 3325 457 3385 tamen
479 3319 630 3402 migratio
654 3317 865 3404 Bithynorum
891 3322 964 3406 ipsa
987 3326 1124 3386 constat.
1171 3318 1373 3387 Documenta

186 3428 232 3492 rei
256 3426 308 3493 vel
324 3425 427 3512 Thyni
450 3426 498 3492 illi
513 3425 687 3513 Europaei,
712 3427 766 3513 qui
790 3428 891 3493 etiam
905 3427 1129 3513 Xenophontis
1152 3432 1260 3494 aetate
1283 3448 1374 3494 mon-

186 3681 304 3744 νόμενον,
323 3680 351 3732 οἳ
370 3681 516 3748 διαβάντες
535 3683 565 3741 ἐς
583 3681 630 3751 τὴν
648 3679 783 3752 Εὐρώπην
801 3682 871 3734 κατὰ
890 3680 1030 3752 Βόσπορον
1049 3681 1112 3742 τούς
1131 3701 1161 3734 τε
1181 3680 1295 3751 θρὴῖιιας
1313 3698 1373 3734 κατ

186 3773 355 3838 εστρεψαντο
384 3772 486 3831 πάντας
513 3770 558 3822 zai
582 3771 626 3823 ἐπὶ
646 3771 692 3824 τὸν
708 3766 797 3824 Ἰόνιον
820 3772 917 3825 πόντον
936 3772 1091 3842 κατέβησαν
1108 3771 1189 3843 μέχρι
1208 3789 1238 3823 τε
1259 3767 1374 3838 Πηνειοῦ

186 3863 310 3923 ποταμοῦ
348 3861 379 3912 τὸ
417 3861 486 3929 πρὸς
520 3860 699 3930 μεοημβρίης
736 3858 844 3930 ἤλασαν.
883 3887 917 3897 -
954 3863 987 3928 V,
1021 3860 1054 3914 13
1092 3859 1149 3926 (ubi
1180 3859 1298 3912 Paeones
1334 3859 1373 3912 illi

185 3946 330 4013 proditores
360 3946 475 4013 dicunt)r
508 3947 550 4018 εἴη
583 3950 615 4002 δὲ
647 3948 758 4018 Παιονίη
790 3950 834 4003 ἐπὶ
866 3943 905 4020 τῷ
938 3948 1071 4019 Στρυμόνι
1102 3941 1219 4018 ποταμῷ
1249 3947 1373 4000 πεπολισ-

186 4037 263 4105 μένη,
301 4034 394 4106 εἴησαν
431 4039 463 4091 δὲ
492 4036 614 4109 Τευκρῶν
642 4044 694 4092 τῶν
723 4040 754 4091 ἐκ
783 4036 880 4109 Τροίης
907 4037 1020 4092 ἄποικοι.
1047 4064 1080 4074 -
1111 4031 1157 4103 ⁹⁸⁹)
1186 4038 1216 4091 E.
1240 4037 1373 4091 Hessel·

111 4113 116 4126 ’
186 4141 305 4192 meyer,
335 4126 487 4196 Ursprdnge
517 4129 564 4181 der
591 4128 666 4181 Stadt
684 4127 825 4196 Pergamos
845 4133 893 4181 etc.
914 4127 983 4182 1885
1011 4143 1037 4192 p.
1062 4123 1125 4192 1314
1147 4142 1194 4195 pro
1215 4123 1372 4179 Teucrorum

187 4222 213 4268 et
232 4217 364 4284 Mysorum
383 4217 539 4284 migratione
558 4217 682 4271 audacius
711 4218 800 4286 paullo
826 4216 921 4271 (iares
953 4217 1093 4271 substituit
1119 4221 1227 4285 propter
1253 4215 1373 4281 Pergami

188 4305 278 4373 oppidi
291 4306 320 4358 in
332 4305 420 4358 Pieria
433 4305 478 4358 siti
487 4321 584 4361 nomen
594 4305 639 4371 (ci.
651 4307 716 4359 ibid.
730 4322 756 4375 p.
769 4303 808 4370 8).
822 4333 856 4342 -
870 4305 991 4360 Ceterum
1004 4306 1075 4359 haud
1087 4306 1142 4359 scio
1160 4321 1195 4358 an
1207 4320 1262 4358 non
1272 4304 1373 4372 Lyco'·

185 4397 287 4463 phron
317 4410 365 4448 sua
395 4395 427 4448 de
456 4394 487 4447 111
507 4395 685 4464 expeditione,
713 4411 781 4464 quae
809 4400 867 4448 tota
894 4412 954 4449 curn
974 4396 1107 4448 Paeonum
1126 4395 1172 4447 illa
1191 4395 1321 4459 convenit,
1341 4409 1373 4447 ex
