3136 5078
760 286 801 349 73

186 484 267 548 miro
291 481 397 568 aliquo
422 501 580 547 consensu
603 518 647 528 -
668 479 920 566 Paphlagoniae,
944 499 1138 565 quamquam
1153 477 1373 564 Paphlagonas

187 589 324 684 Thraces
347 590 448 656 luisse
472 608 631 674 nusquam
655 587 827 654 tradrmtur
850 607 887 652 ao
910 588 966 652 vix
988 587 1089 652 fuisse
1112 590 1259 672 possunt.
1402 575 1408 584 '
1470 601 1520 687 ’χ-

279 696 379 763 Cuius
403 700 512 762 tantae
539 696 810 776 commutationis,
845 700 883 759 ut
917 695 1028 760 statim
1057 692 1178 776 dicam,
1214 692 1374 758 Thracum

186 826 303 888 magna
324 805 381 871 illa
399 820 445 871 'ex
468 802 600 895 Europa
621 804 656 868 in
678 803 969 894 Asiamrnigratio
992 803 1056 868 fuit
1084 798 1253 886 causam)

276 913 497 998 Paucis,quae
521 931 562 977 ex
585 908 692 997 quinti
716 915 749 977 et
777 911 884 997 quarti
907 910 1028 976 saeculi
1052 909 1261 995 scriptoribus
1285 907 1366 974 satis

185 1026 263 1086 nota
298 1023 393 1106 aunt)
408 1017 618 1084 adumbrasse
658 1018 796 1084 sufficiet
827 1018 926 1084 Asiae
961 1017 1095 1083 minoris
1130 1037 1234 1098 oram,
1283 1036 1365 1102 quae

185 1111 346 1195 Euxinum
368 1126 506 1192 Pontum
531 1125 671 1207 attingit,
695 1125 769 1190 inde
790 1145 810 1190 a
832 1123 975 1211 Bosporo
996 1124 1157 1210 usquead
1173 1122 1364 1190 Heracleam

187 1235 341 1303 Graecam
362 1233 475 1299 urbem
497 1253 517 1299 a
538 1231 779 1316 Megarensibus
803 1234 944 1298 maxime
968 1231 1131 1298 conditam
1155 1231 1405 1327 Uitellii&

184 1343 286 1409 fnisse
314 1346 516 1427 occupatam,
553 1360 633 1426 quos
656 1338 839 1407 Herodotus
862 1339 991 1427 Thynos
1019 1343 1117 1425 atque
1139 1337 1373 1427 Bithynos,2⁷1)

186 1449 364 1536 Xenophon
394 1449 583 1534 simpliciter
605 1447 760 1534 Bithynos
787 1445 1045 1532 nominabam)
1091 1445 1238 1512 Fuerunt
1264 1451 1373 1514 autem

185 1557 320 1623 rudibus
342 1556 481 1638 ingeniis
505 1575 543 1620 ac
565 1555 724 1638 moribus,
754 1556 789 1619 in
814 1552 953 1620 Graecos
976 1554 1114 1636 inimici,
1146 1556 1185 1628 si
1198 1555 1269 1640 quis
1292 1575 1374 1620 nau-

183 1668 324 1749 fragium
359 1665 446 1753 apud
482 1685 538 1732 eos
573 1665 703 1746 fecerat,
739 1663 827 1730 haud
857 1664 951 1730 aliter
985 1670 1083 1750 atque
1108 1661 1305 1748 Salmydessi
1338 1664 1373 1728 in

184 1773 315 1861 Europa
355 1770 556 1858 lamisem)
614 1771 799 1838 Herodotus
845 1791 901 1838 eos
941 1771 1080 1838 eundem
1119 1791 1214 1858 quern
1249 1776 1374 1837 ceteros

185 1881 283 1946 deum
292 1880 590 1972 QQQOlUissse
605 1878 716 1962 tradit,
742 1879 835 1944 cuius
848 1879 1015 1965 oraculum
1031 1878 1116 1964 apud
1131 1899 1187 1944 eos
1202 1876 1372 1964 suenum)

185 2007 360 2072 eorumque
393 1989 547 2054 vestitum
583 1988 722 2053 similem
757 1985 911 2052 describit
945 1990 1042 2072 atque
1077 1987 1208 2052 illorum
1240 1983 1373 2051 Seuthis

184 2095 325 2160 militum
347 2092 602 2181 Xenophon.2⁷⁵)
641 2094 693 2159 Ab
716 2093 769 2159 his
792 2114 878 2176 vero,
904 2095 959 2179 qui
981 2099 1056 2179 post
1070 2092 1293 2159 Alexandrum
1318 2093 1373 2158 de-

184 2223 274 2267 mum
302 2201 341 2267 ad
371 2202 513 2287 aliquem
537 2203 642 2268 cultus
667 2207 764 2287 atque
787 2201 1000 2267 humanitatis
1029 2200 1164 2283 gradum
1186 2201 1373 2287 pervenisse

184 2308 344 2390 uidentur,
368 2313 400 2375 st
414 2309 599 2376 Herodotus
607 2307 667 2394 2⁷⁶)
690 2313 723 2374 et
742 2306 987 2395 Xenophon277)
1012 2307 1217 2391 distinguunt
1231 2306 1372 2374 Marian-

185 2416 286 2501 dynos
311 2421 344 2481 et
366 2416 599 2500 Paphlagonas.
648 2415 714 2479 lam
750 2435 823 2480 cum
858 2417 890 2480 in
914 2415 1033 2481 Xerxis
1070 2435 1198 2500 quoquc
1227 2416 1373 2482 exercitu

187 2521 390 2606 Mariandyni
425 2521 538 2588 eodem
573 2521 668 2588 modo
697 2542 761 2608 quo
784 2522 1008 2608 Paphlagones
1046 2523 1162 2588 armati
1197 2527 1230 2589 et
1263 2523 1374 2589 vestiti

184 2626 369 2712 fuerint278)
405 2649 578 2715 eorumque
613 2634 732 2695 terram
762 2628 813 2694 vel
824 2634 966 2716 ,partem
989 2615 1233 2715 Paphlagonias'
1252 2619 1373 2695 dixerit

185 2735 419 2820 Theopompus,
427 2734 486 2823 279)
522 2740 607 2803 certe
630 2737 832 2818 mirabimur,
869 2735 953 2823 quod
980 2734 1161 2822 strahow)
1190 2738 1374 2803 coniectura

186 2916 294 2978 Πόντος.
325 2945 358 2954 -
390 2912 437 2984 ⁹⁷⁰)
462 2918 501 2973 Gt
530 2920 562 2973 de
582 2920 643 2974 hae:
663 2921 757 2984 Abel,
785 2921 960 2975 Makedonien
978 2924 1028 2974 etc.
1048 2937 1074 2989 p.
1095 2919 1211 2988 ‘la—84,
1240 2919 1372 2988 Giseke,

184 3008 268 3060 thralr.
282 3008 333 3075 pel.
347 3009 463 3060 stamme
476 3025 502 3078 p.
519 3009 622 3061 18-21
643 3011 764 3079 hleyer,
779 3009 873 3064 Gesch.
884 3011 909 3063 d.
923 3011 1036 3064 Altsrth.
1055 3011 1076 3076 l,
1096 3009 1212 3075 543-7,
1226 3007 1241 3076 ξ
1254 3009 1385 3068 toa-5..

185 3123 218 3133 —
239 3089 285 3160 ⁹⁷¹)
304 3096 376 3149 Hdt.
396 3095 416 3162 l,
436 3096 471 3149 28
490 3098 519 3148 in
531 3097 608 3148 Asia:
630 3098 741 3166 θρήίκες
753 3100 830 3150 θονοί
840 3118 870 3152 τε
890 3098 935 3151 καὶ
952 3097 1072 3152 Βιόονοί·
1092 3105 1240 3167 sequuntur
1254 3116 1312 3152 eum
1326 3100 1371 3152 alii

184 3191 240 3238 tum
254 3185 446 3254 Paphlagonas,
465 3185 640 3252 Mariandyni.
660 3213 693 3222 —
714 3179 761 3251 πη)
781 3187 862 3240 Xan.
882 3189 960 3240 anah.
979 3188 1025 3252 VI,
1044 3189 1070 3243 4.
1093 3190 1115 3254 1,
1135 3188 1152 3240 2
1172 3190 1203 3242 τὸ
1223 3190 1254 3241 δὲ
1270 3190 1373 3259 χωρίον
1468 3207 1471 3211 ’

185 3279 265 3328 τοῦτο
286 3274 301 3326 ὃ
320 3273 441 3327 καλεῖται
459 3271 572 3344 Κάλπης
581 3274 658 3345 λιμὴν
678 3274 734 3328 ἔστι
751 3277 802 3341 μὲν
822 3279 850 3328 ἐν
868 3270 902 3348 τῇ
921 3271 1008 3348 θρᾴκῃ
1027 3271 1061 3348 τῇ
1081 3279 1108 3328 ἐν
1128 3271 1160 3348 τῇ
1177 3273 1259 3349 Ἀσία·
1288 3278 1370 3346 ἀρξα·

95 3397 97 3401 -
183 3365 252 3434 μένη
272 3365 303 3417 δὲ
323 3365 340 3433 ἡ
359 3361 447 3434 θρᾴκη
465 3363 534 3434 αὕτη
555 3364 624 3418 ἐστὶν
643 3366 698 3418 ἀπὸ
718 3369 766 3418 τοῦ
782 3366 919 3431 στόματος
939 3370 987 3420 τοῦ
1002 3363 1102 3419 Πόντον
1119 3367 1200 3438 μέχρι
1215 3363 1373 3437 Ἡρακλείας

186 3453 229 3507 ἐπὶ
248 3453 326 3513 δεξιὰ
345 3454 385 3513 εἰς
404 3454 450 3506 τὸν
464 3451 565 3507 Πόντον
582 3454 729 3508 εἰσπλέοντι
743 3494 770 3508 ..
792 3457 820 3508 ἐν
840 3456 871 3509 δὲ
891 3450 931 3526 τῷ
948 3457 1025 3527 μέσον
1045 3453 1111 3526 ἄλλη
1130 3457 1181 3522 μὲν
1201 3455 1276 3516 πόλις
1294 3457 1371 3510 οὐδε·

184 3543 233 3607 μία
252 3541 317 3595 οὔτε
336 3542 411 3611 φιλία
430 3541 495 3596 οὔτε
511 3539 634 3612 Ἑλληνὶς,
660 3544 728 3597 ἀλλὰ
748 3539 850 3619 θρᾷκες
867 3543 984 3598 Βιθυνοί.
1015 3572 1047 3581 -
1077 3537 1123 3610 ²⁷³)
1142 3547 1223 3600 Xen.
1243 3547 1262 3600 1.
1280 3548 1297 3601 l.
1326 3547 1371 3600 καλ

185 3631 233 3690 οὓς
252 3631 284 3684 ἂν
301 3631 407 3698 λάβωσι
426 3637 479 3685 τῶν
494 3629 620 3703 Ἑλλήνων
648 3634 825 3695 ἐκπίπτοντας
849 3635 866 3704 ἢ
890 3631 977 3695 ἄλλως
1000 3654 1057 3695 πινς
1081 3636 1175 3696 δεινῶς
1193 3636 1313 3705 ὑβρίζειν
1331 3636 1372 3689 λέ·

186 3737 277 3788 γονται
297 3722 361 3781 τοὺς
373 3717 507 3792 Ἕλληνας.
546 3723 584 3777 Gi.
604 3724 636 3776 de
655 3725 728 3778 Astis
756 3725 785 3778 in
811 3725 918 3794 Europa
946 3726 1032 3780 Strab.
1051 3726 1109 3792 Vll,
1128 3726 1153 3788 6,
1176 3725 1189 3778 1
1209 3743 1236 3795 p.
1256 3725 1317 3779 319.
1336 3751 1371 3761 -

187 3803 233 3874 ⁹⁷⁴)
252 3811 323 3864 Hdt.
345 3813 400 3874 Vll,
421 3813 463 3867 76.
493 3841 527 3849 -
558 3807 604 3880 ⁹⁷⁵)
624 3815 695 3869 Hdt.
714 3815 772 3882 VlI,
791 3814 835 3880 75,
863 3815 934 3870 Xsn.
953 3817 1030 3870 anab.
1050 3816 1095 3882 Vl,
1124 3817 1173 3870 VH
1200 3817 1306 3885 passim.
1336 3842 1370 3852 —

187 3891 234 3963 276)
258 3898 297 3952 cf.
316 3916 343 3952 n.
364 3901 428 3965 aba
459 3905 521 3956 item
542 3904 589 3957 Vll
609 3905 636 3956 in
655 3910 764 3972 gentum
784 3905 902 3972 catalogo
920 3905 1019 3958 Xerxis
1038 3907 1181 3961 exercitum
1201 3905 1371 3959 efficientium

186 4004 207 4042 c.
228 3983 292 4055 7516
313 3989 435 4056 Thraces,
455 4009 476 4046 c.
491 3992 524 4047 72
544 3994 728 4062 Paphlagonas
748 3994 952 4062 ethlamandyni
970 4001 1151 4049 recensentur.
1171 4021 1204 4031 —-
1224 3986 1270 4058 ⁹⁷⁷)
1293 3993 1371 4048 Xan.

184 4078 202 4131 l.
216 4078 232 4131 l.
253 4078 310 4132 coll.
332 4078 377 4144 Vl,
398 4077 423 4145 2,
445 4081 471 4136 1;
488 4077 645 4151 Ἡράκλειαν
658 4082 745 4141 ,οὖσαν
765 4084 793 4136 ἐν
813 4077 847 4153 τῇ
865 4080 1055 4152 Μαριανδυνῶν
1070 4088 1157 4155 χώρᾳ.
1177 4111 1211 4119 -
1231 4077 1277 4148 ⁹²³)
1296 4085 1369 4138 Hdt.

184 4167 242 4233 Vll,
262 4166 309 4219 72:
328 4164 508 4237 Μαριανδυνοὶ
527 4172 575 4241 τὴν
593 4173 676 4242 αὐτὴν
705 4171 812 4245 ἔχοντες
834 4168 950 4240 (στολὴν)
983 4170 1143 4242 Παφλαγόσι
1166 4175 1369 4244 ἐστρατεύοντο.

186 4283 220 4292 ·-
241 4250 288 4314 ⁹⁷⁹)
307 4257 425 4325 Theop.
444 4259 476 4312 fr.
496 4260 547 4314 201
567 4278 610 4331 ap.
629 4263 716 4317 Strab.
734 4261 797 4326 XII,
815 4261 841 4328 3,
861 4261 878 4315 4
896 4276 923 4328 p.
943 4259 996 4314 542
1024 4259 1186 4327 θεόπομπος
1205 4263 1237 4316 δὲ
1255 4261 1370 4332 Μαριαν-

184 4348 262 4399 όονόν
281 4366 346 4418 φηοτ
372 4348 476 4419 μέρους
495 4351 544 4416 τῆς
564 4348 755 4422 Παφλαγονίας
783 4347 903 4421 ἄρξαντα
927 4351 979 4403 ὑπὸ
1008 4349 1111 4404 πολλῶν
1139 4352 1371 4422 δοναοτενομένης
