3136 5078
812 329 854 392 10

236 522 322 603 regis
357 541 449 604 uxor,
480 520 611 587 tandem
638 519 733 586 Zetes
765 503 798 586 et
827 518 934 587 Calais
962 521 1132 606 Aquilonis
1162 523 1219 587 tilii
1250 520 1425 588 eThracia

236 627 345 694 hantis
370 626 512 694 Thraces
537 623 666 714 optimo'
682 632 758 694 sunt
780 626 914 713 iureii)

326 734 402 801 Jam
424 754 501 801 vero
524 738 616 821 patet
638 733 805 816 Phineum,
830 735 921 800 cuius
938 735 1047 801 sedem
1062 734 1207 822 Bosporo
1224 736 1425 803 adiacentem

236 843 395 924 novimus,
425 847 458 907 et
485 840 683 928 Eumolpum
705 840 918 925 Eleusiniam,
950 847 1125 929 antequam
1149 841 1327 909 Eleusiniis
1356 843 1423 909 ulla

237 969 310 1015 cum
337 949 592 1017 Atheniensibus
627 950 710 1015 ratio
733 949 952 1031 intercederet,
976 951 1009 1015 in
1032 949 1150 1017 fabulis
1173 971 1348 1016 non-mere
1363 951 1424 1015 At-

235 1057 309 1123 ticis
316 1058 355 1124 ab
361 1057 563 1124 Athenarum
573 1059 659 1142 regis
671 1058 738 1124 tilia
751 1058 906 1140 originem
920 1058 1036 1125 ducere
1048 1065 1106 1124 ant
1115 1079 1268 1142 generum
1279 1058 1424 1124 eiusfieri

235 1165 436 1256 nullo-'modo
449 1166 605 1252 potuisse.
639 1163 752 1230 Liceat
769 1164 857 1246 mihi,
877 1183 959 1250 quae
976 1165 1060 1230 infra
1077 1166 1258 1231 accuratius
1271 1171 1364 1231 emnt
1376 1166 1423 1232 di-

237 1273 346 1354 cenda,
372 1255 532 1359 quatenus
547 1271 671 1337 nullam
687 1270 920 1338 dubitationem
941 1272 1009 1336 fore
1026 1291 1131 1356 spero,
1156 1274 1422 1358 praesumpsisse.

237 1379 344 1458 Quare
362 1381 500 1446 efficitur
516 1382 575 1445 aut
590 1378 716 1445 fabulas
731 1378 805 1444 illas
823 1377 864 1444 de
876 1377 997 1444 Phineo
1014 1382 1047 1443 et
1064 1378 1103 1445 de
1113 1377 1273 1465 Eumolpo
1284 1380 1424 1446 Athenis

235 1492 339 1570 natas,
363 1487 398 1553 id
413 1486 499 1573 quod
515 1504 610 1552 nemo
625 1484 719 1551 facile
736 1484 900 1566 concedat,
925 1489 982 1550 aut
1004 1486 1195 1551 coniunctos
1218 1487 1329 1553 ambos
1350 1507 1423 1553 eum

235 1592 326 1678 regia
347 1593 596 1660 Atheniensium
625 1591 737 1674 domo,
750 1592 818 1658 sive
843 1592 883 1659 ab
907 1591 1159 1658 Atheniensibus
1181 1594 1380 1679 poetis,sive
1404 1615 1424 1660 a

235 1707 334 1788 poeta
371 1699 573 1788 Athenarum
610 1700 767 1766 rationem
805 1699 954 1765 habente.
1017 1697 1097 1764 Cum
1135 1719 1212 1766 vero
1251 1700 1425 1776 viderimus

235 1809 435 1895 Aeschylum
462 1806 716 1894 Sophoclemque
751 1808 892 1890 tragicos
928 1812 961 1871 et
988 1805 1204 1892 Pherecydem
1234 1808 1423 1875 historicum

235 1918 363 1984 Atticos
387 1913 527 2002 6116335)
556 1919 589 1982 et
613 1913 812 1982 Simonidem
835 1912 1084 2000 Choerilumque
1113 1918 1228 2000 poetas
1251 1915 1424 1982 Persarum

236 2025 321 2094 bella
344 2028 495 2090 canentes
519 2027 553 2089 et
575 2023 824 2088 Atheniensium
847 2021 979 2087 virtutis
1009 2022 1156 2104 egregios
1185 2023 1423 2108 praedicatores

143 2149 144 2152 ’
235 2135 357 2219 primos
382 2135 537 2217 quantum
552 2131 586 2194 in
610 2134 702 2196 tanta
717 2148 826 2194 eorum
852 2148 986 2214 operum
1010 2129 1105 2194 ruina
1129 2130 1299 2213 cernimus,
1323 2131 1424 2196 alium

235 2241 321 2306 alius
349 2241 444 2306 huius
472 2237 600 2303 fabulae
630 2237 733 2323 partis
762 2236 952 2302 memoriam
981 2236 1108 2317 fecisse,
1140 2242 1173 2301 et
1202 2237 1313 2303 fanum
1343 2237 1424 2303 illud

237 2349 270 2414 in
293 2346 465 2433 Aquilonis
489 2346 639 2410 honorem
664 2347 864 2410 exstructum
888 2363 961 2408 cum
983 2342 1232 2410 Atheniensium
1254 2345 1422 2410 navalibus

235 2455 385 2521 laudibus
414 2455 594 2520 arctissime
623 2453 806 2535 cohaerere,
835 2452 940 2518 facere
968 2471 1033 2518 non
1055 2472 1190 2538 possum
1213 2454 1293 2539 quin
1317 2454 1424 2520 omnia

235 2564 314 2629 haec
343 2583 407 2628 uno
435 2561 544 2647 aliquo
573 2581 661 2626 nexu
690 2560 881 2642 coniungam
904 2559 1033 2645 illisque
1057 2560 1258 2646 temporibus
1280 2559 1425 2625 fabulam

191 2664 197 2737 ’ἲ
235 2672 263 2737 si
285 2691 350 2737 non
374 2673 487 2750 ortam,
516 2674 551 2734 at
579 2672 665 2733 certe
690 2668 853 2733 excultam
881 2670 979 2752 atque
1002 2668 1035 2732 in
1059 2667 1164 2732 maius
1189 2670 1316 2732 auctam
1339 2666 1423 2732 iudi-

236 2797 318 2844 cem.
356 2777 437 2843 Tum
466 2777 595 2842 demum
619 2795 729 2841 omues
752 2776 836 2854 illos,
861 2794 942 2859 quos
966 2774 1044 2855 dixi,
1069 2773 1263 2860 Eumolpum
1285 2774 1426 2839 maxime

195 2872 199 2941 ἶ
235 2891 268 2952 et
295 2886 451 2951 Phineum
481 2904 553 2949 cum
581 2882 743 2967 Aquilone
774 2887 808 2948 et
838 2881 983 2966 Orithyia
1014 2901 1085 2947 esse
1115 2882 1301 2947 coniunctos
1336 2887 1425 2968 puto.

196 3004 199 3011 '
235 2993 293 3075 At,
318 3012 414 3078 quem
438 2991 479 3057 ad
500 2991 660 3056 finemvel
683 2990 736 3054 cui
760 2988 854 3070 bono,
879 2997 1013 3074 quaerat
1034 2989 1204 3074 quispiam.
1244 2989 1336 3073 Puto,
1362 3012 1424 3078 quo

176 3188 179 3193 y
235 3107 269 3167 et
292 3100 460 3166 Thraciam
483 3099 637 3181 originem
661 3097 728 3162 iam
751 3117 829 3182 prae
853 3117 888 3164 se
911 3097 1034 3165 fauent
1049 3135 1091 3147 —
1107 3098 1170 3165 fuit
1193 3099 1279 3164 enim
1301 3099 1425 3166 iamdiu

174 3196 180 3279 :⁷
234 3207 354 3295 Aquilo
385 3206 493 3272 Thrax
522 3243 564 3253 —
595 3210 629 3272 et
656 3205 755 3271 nihilo
798 3206 905 3272 minus
946 3209 1055 3272 tamen
1091 3226 1163 3271 cum
1187 3207 1267 3294 ipsis
1299 3228 1425 3294 quoque

176 3326 181 3405 'j
234 3315 488 3383 Atheniensibus
524 3314 692 3400 (Aeschyli
717 3319 751 3380 et
779 3313 948 3401 Sophoclis
971 3312 1212 3395 tragoediarum
1236 3317 1423 3401 spectatori-

234 3425 311 3511 bus)
336 3425 494 3489 coniuncti
519 3422 755 3510 quodammodo
780 3423 974 3490 viderentur.
1023 3421 1172 3489 ceterum
1196 3422 1278 3488 nihil
1305 3425 1423 3488 mirum

180 3542 186 3553 “
235 3537 272 3597 ut
295 3530 381 3617 apud
405 3530 561 3612 Graecos3
593 3532 658 3595 iam
687 3531 772 3595 enim
803 3550 844 3595 ex
867 3527 1003 3595 Hesiodi
1028 3531 1183 3613 catalogis
1208 3548 1318 3594 omnes
1342 3548 1422 3615 quos

235 3639 461 3722 cognovissent
485 3639 620 3724 populos
636 3657 706 3703 cum
724 3634 858 3703 Graecis
882 3637 989 3723 aliquo
1014 3637 1214 3722 cognationis
1238 3640 1295 3702 aut
1319 3637 1423 3702 affini-

234 3748 313 3812 tatis
338 3745 439 3828 gradu
464 3747 654 3812 coniunctos
679 3746 810 3810 scimus.

327 3852 391 3920 Sed
415 3853 541 3940 aliquid
562 3853 598 3918 iu
621 3853 681 3919 hac
703 3871 739 3917 re
763 3853 884 3918 conicio
912 3856 946 3917 et
974 3855 1100 3917 veteres
1129 3851 1271 3917 valuisse
1298 3858 1423 3938 poetas.

325 4047 359 4119 34)
389 4054 459 4119 Quin
486 4055 679 4109 Herodorus
697 4043 755 4137 (ap.
789 4054 869 4107 schol.
898 4053 947 4122 Ap.
976 4053 1026 4107 Rh.
1054 4053 1072 4105 l.
1100 4038 1127 4131 l)
1147 4069 1162 4105 e
1185 4053 1297 4107 Daulida
1326 4054 1424 4108 scilicet

236 4143 381 4196 secundum
412 4143 493 4198 Thac.
521 4143 601 4196 1129
630 4159 645 4196 a
674 4143 818 4197 Thracibus
847 4142 908 4195 olim
937 4147 1137 4219 occupatayeos
1165 4149 1234 4197 ortos
1263 4159 1323 4197 esse
1351 4142 1422 4208 dicit,

236 4248 295 4285 cum
308 4232 493 4286 Hecataeus
511 4233 670 4285 Abderita
688 4230 820 4299 (eiusque,
847 4235 878 4284 ut
903 4232 1014 4294 ridetur,
1044 4234 1192 4301 exemplum
1221 4235 1304 4285 secuti
1322 4232 1422 4284 Duris

237 4325 263 4374 et
301 4320 523 4387 Phanodicus)
560 4322 748 4390 Hyperboreos
790 4312 869 4374 iaciat
911 4321 976 4374 ibid.
1018 4325 1045 4375 et
1084 4323 1155 4387 apud
1195 4322 1271 4374 Diod.
1313 4321 1346 4386 11,
1378 4321 1422 4374 41.

237 4408 281 4475 (de
295 4411 422 4464 Hecataei
434 4411 614 4478 Hyperboreis
628 4411 660 4463 cf.
673 4411 703 4463 11.
717 4410 841 4475 Rohde‚
855 4410 953 4478 griech.
967 4410 1067 4464 Roman
1087 4426 1113 4477 p.
1127 4409 1180 4462 210
1193 4426 1248 4478 sqq.
1264 4435 1298 4447 -
1311 4401 1346 4473 ³i)
1359 4408 1423 4462 Fuit
