3136 5078
767 291 907 372 cs⁴

193 489 379 571 celebravit,
409 507 472 553 non
495 487 526 552 is
548 489 615 568 est,
645 507 744 572 quem
772 490 876 552 totam
900 484 1058 567 fabulam,
1088 490 1127 551 ut
1154 485 1307 553 traditam
1330 505 1380 552 re-

193 598 325 684 periret,
349 596 476 662 omnino
501 599 715 661 commutasse
737 599 902 680 putemus.

678 793 893 803 ——-.—

771 939 801 1003 3.

280 1060 348 1126 Iam
376 1078 452 1126 vero
481 1077 565 1144 quae
595 1077 637 1122 ex
665 1057 795 1142 epicis
820 1055 1019 1123 Graecorum
1048 1057 1242 1123 carminibus
1265 1057 1300 1122 in
1322 1077 1379 1122 no-

192 1173 294 1236 strum
316 1188 414 1234 usum
439 1166 506 1231 sint
528 1163 751 1246 convertenda,
782 1163 957 1259 uideamus.
1006 1163 1085 1228 Rem
1116 1183 1193 1229 sane
1218 1163 1380 1229 difficilem

191 1298 287 1364 quam
310 1274 500 1343 brevissime
525 1271 677 1358 expedire
701 1271 899 1352 conabimur,
932 1289 1128 1357 quamquam
1151 1270 1314 1356 permulta
1339 1270 1378 1337 de

191 1405 230 1450 ea
252 1385 392 1470 possunt
414 1379 583 1465 disputari.

280 1490 317 1555 ln
346 1488 523 1573 Odyssea
553 1487 652 1570 igitur
679 1485 862 1552 Pandareus
891 1486 941 1552 bis
978 1485 1071 1551 nobis
1107 1483 1255 1550 occurrit.
1309 1481 1379 1549 Uno

189 1599 260 1664 loco
285 1596 324 1663 de
349 1596 419 1662 eius
441 1596 569 1662 filiabus
593 1589 714 1679 agitur,'
740 1589 823 1681 puae
847 1583 1035 1681 parentibus
1059 1595 1188 1661 orbatae
1212 1593 1252 1659 ab
1277 1593 1379 1658 omni-

190 1705 250 1773 bus
274 1704 394 1771 deabus
418 1703 573 1770 educatae
597 1707 630 1768 et
651 1701 876 1788 pulcherrimis
900 1703 1001 1767 animi
1024 1702 1227 1787 corporisque
1248 1699 1379 1767 dotibus

191 1818 365 1879 exornatae
391 1812 464 1877 sint.
516 1808 580 1876 Sed
606 1830 643 1875 eo
672 1808 743 1894 ipso
771 1813 928 1896 tempore,
958 1828 1021 1895 quo
1046 1807 1157 1874 Venus
1181 1807 1288 1874 lovem
1311 1807 1380 1873 adi-

189 1924 264 1986 tura
279 1921 395 1985 fuisset
411 1917 449 1984 dc
467 1917 627 2000 virginum
643 1916 776 2001 nuptiis,
801 1918 913 2002 raptas
930 1936 984 1982 eas
1001 1936 1021 1981 a
1036 1915 1188 2002 procellis
1205 1913 1379 2002 (Harpyis)

191 2033 223 2093 et
250 2026 359 2093 Furiis
387 2031 425 2091 ut
454 2025 610 2091 servirent
637 2024 775 2091 traditas
806 2044 887 2090 esse.
898 2023 955 2110 163)
1013 2025 1127 2090 Altero
1164 2025 1234 2090 loco
1264 2023 1379 2089 Atdon

191 2124 353 2201 eiusdem
387 2133 479 2212 filia,
507 2131 583 2218 Ityli
635 2132 685 2198 sui
738 2152 759 2197 a
807 2130 908 2198 Zetho
966 2132 1111 2218 principe
1156 2131 1216 2197 filii
1264 2130 1380 2196 dicitur

187 2247 325 2308 mortem
360 2240 460 2325 queri,
501 2258 597 2324 quem
631 2238 794 2325 quondum
827 2259 887 2325 per
915 2258 1055 2305 errorem
1092 2242 1148 2305 aut
1182 2237 1379 2305 dementiam

189 2349 249 2435 (δι’
275 2348 448 2437 ἀφραδίας)
473 2346 634 2414 occiderit.
643 2343 702 2432 1⁶4)
749 2345 927 2411 Ambarum
964 2350 1082 2411 sortem
1112 2344 1270 2432 Penelope
1305 2365 1377 2410 cum

191 2476 250 2522 sua
273 2456 377 2541 ipsius
401 2452 586 2520 condicione
610 2455 658 2519 ita
680 2454 815 2535 confert,
825 2451 883 2538 ¹⁶⁵)
906 2458 943 2518 ut
965 2473 1065 2519 unum
1086 2454 1219 2519 alterius
1240 2454 1378 2520 imitatio

189 2582 261 2628 esse
288 2560 444 2626 videatur.
500 2559 584 2636 Quin
612 2561 714 2626 altera
741 2559 872 2625 fabulae
900 2560 1003 2625 forma
1038 2561 1173 2626 alteram
1209 2561 1378 2627 excludere

189 2667 422 2755 quodammodo
452 2667 588 2750 videtur,
623 2687 729 2753 neque
758 2687 831 2732 cum
863 2668 1002 2753 simplici
1036 2668 1231 2751 fabularum,
1268 2689 1377 2734 earum

187 2781 284 2858 certe,
309 2795 390 2861 quae
414 2776 574 2859 genuinae
599 2779 676 2840 sunt
699 2779 731 2841 et
753 2775 969 2860 incorruptae,
992 2774 1100 2841 indole
1124 2779 1158 2841 et
1180 2779 1296 2841 natura
1310 2776 1377 2841 ullo

188 2883 283 2950 modo
307 2881 635 2968 convenit7Pandarei
657 2902 756 2947 unam
777 2881 879 2947 filiam
899 2902 1032 2967 prorsus
1049 2881 1209 2949 diuersam
1226 2883 1377 2950 habuisse

187 2991 408 3057 condicionem
431 3011 530 3076 quam
553 3010 688 3072 sorores,
720 2978 801 3077 quae
830 2990 922 3076 ipsae
950 2991 1036 3057 inter
1059 3011 1095 3057 se
1119 2991 1302 3058 arctissime
1326 3011 1378 3057 co-

186 3206 228 3258 ·ibi
240 3221 331 3274 upupa
343 3220 404 3258 rere
417 3204 544 3272 accipiter
557 3220 624 3272 esse,
643 3208 671 3257 et
682 3206 754 3273 apud
766 3205 928 3274 Aeschylum
947 3205 1064 3275 (Suppl.)
1085 3209 1199 3262 luscinia
1217 3208 1378 3278 κιρκήλατος

188 3295 294 3347 dicitur.
326 3293 384 3347 Hoc
403 3294 474 3347 enim
494 3295 616 3347 omnibus
635 3310 691 3347 non
709 3295 792 3348 solum
811 3295 907 3362 poetis,
926 3296 974 3349 sed
992 3297 1099 3350 omnino
1112 3295 1219 3351 Graecis
1238 3312 1376 3352 commune

188 3385 276 3438 fuerit.
324 3383 410 3437 Etiam
439 3383 472 3437 de
500 3384 549 3437 hac
574 3384 641 3436 falsa
659 3385 784 3452 opinione
802 3385 932 3439 nonnulla
950 3386 1049 3452 optime
1069 3386 1138 3439 dixit
1155 3386 1303 3440 Welcher
1321 3387 1338 3439 l.
1359 3388 1376 3439 l.

186 3474 309 3528 Ceterum
329 3478 357 3526 et
374 3473 530 3541 Hyginus
549 3473 568 3527 f.
587 3473 622 3526 46
642 3474 688 3542 qui
715 3474 845 3527 nonnulla
873 3476 977 3544 proprie
1006 3476 1035 3528 in
1060 3491 1109 3530 sua
1126 3477 1279 3530 narratione
1298 3478 1378 3530 habet

188 3563 222 3616 de
240 3563 296 3616 solo
316 3563 449 3630 accipitre,
477 3577 533 3615 non
551 3563 584 3616 de
601 3579 693 3631 upupa
710 3564 871 3618 mentionem
890 3565 962 3630 facit,
984 3580 1143 3633 quamquam
1161 3566 1289 3634 Aeschyli
1308 3567 1376 3635 Sup-

186 3653 268 3720 plicas
288 3653 332 3704 vix
350 3636 504 3720 ipcc‘legit!
524 3678 558 3688 -
581 3645 627 3716 183>
645 3652 733 3706 nom.
747 3671 771 3706 c.
785 3653 901 3708 ss-ua
939 3654 1018 3718 ccli:
1039 3655 1077 3714 ος
1096 3650 1123 3707 α’
1146 3655 1196 3709 ατε
1214 3653 1376 3726 cecropem

1394 3646 1463 3708 este

187 3739 287 3810 κούρας
315 3740 440 3796 ἀνέλοντο
469 3740 583 3794 θύελλαι
598 3740 603 3806 Ι
619 3735 679 3813 τῇσι
706 3745 808 3809 τοκῆας
835 3744 886 3808 μὲν
912 3745 1016 3812 φθῖσαν
1034 3745 1097 3797 θεολ
1111 3784 1118 3798 .
1133 3783 1160 3797 ..
1199 3745 1265 3808 tiss
1285 3746 1376 3816 τόφρα
1415 3736 1418 3753 ’

187 3831 220 3882 ἀὲ
248 3829 298 3889 τὰς
324 3831 428 3901 κούρας
454 3831 565 3901 ἅρπυιαι
593 3832 776 3902 ἀνηρείψαντο
802 3831 806 3897 Ι
832 3833 881 3886 καί
895 3829 921 3904 ρ’
944 3833 1043 3888 ἔδοσαν
1070 3829 1228 3906 στυγερῇσιν
1254 3830 1376 3905 Ἐρινύσιν

185 3918 385 3988 ἀμφιπολεύειν.
411 3947 445 3959 -—
478 3915 523 3986 ¹⁶⁴)
543 3941 559 3975 τ
576 3920 710 3976 518-23.
731 3924 769 3982 ὡς
788 3919 817 3975 δ’
837 3923 885 3976 ὅτε
904 3921 1066 3990 Πανδαρέου
1086 3924 1171 3994 κούρη
1187 3922 1310 3995 χλωρηῒς
1328 3927 1375 3995 ἀη-

186 4011 240 4063 δὼν
256 4007 261 4073 Ι
278 4008 359 4061 καλὸν
377 4009 497 4082 ἀείδῃσιν
517 4009 601 4080 ἔαρος
620 4012 679 4064 νέον
698 4012 913 4077 ἱσταμένοιο...
928 4052 935 4066 .
964 4012 1043 4066 παῖδ’
1073 4011 1262 4083 ὀλοφυρομένη
1277 4008 1376 4067 Ἴτυλον

185 4098 271 4168 φίλον,
300 4097 330 4150 ὅν
358 4116 427 4151 ποτε
449 4093 545 4170 χαλκῷ
560 4098 565 4165 Ι
582 4103 669 4153 κτεῖνε
697 4102 731 4154 δι’
760 4101 909 4171 ἀφραδίας,
938 4105 1036 4171 κοῦρον
1064 4099 1168 4171 Ζήθοιο
1196 4100 1319 4163 ἄνακτος.
1340 4130 1375 4140 -

188 4182 233 4253 1⁶⁵)
253 4188 398 4256 Utrumque
427 4189 514 4242 simile
543 4205 591 4242 suo
620 4191 677 4245 loco
705 4192 826 4260 ineptum
854 4207 913 4245 esse
942 4194 1053 4245 censent
1070 4191 1104 4244 A.
1122 4191 1303 4246 Kirchholf
1325 4193 1374 4247 Die

184 4277 348 4331 homerischc
374 4277 494 4347 Odyssea
513 4271 525 4306 ²
555 4278 624 4332 1879
643 4297 669 4349 p.
688 4279 751 4347 524,
771 4279 824 4335 526
853 4286 881 4334 et
898 4281 930 4334 U.
949 4281 975 4335 d.
996 4280 1373 4336 Wilamowitzdidllen·

185 4368 273 4421 dorlt
293 4368 473 4432 „homerische
492 4369 748 4438 Untersuchungcn“
773 4368 869 4436 (1884)
888 4388 915 4440 p.
935 4371 980 4437 63,
1009 4386 1062 4439 qua
1080 4370 1114 4425 de
1132 4386 1161 4424 re
1180 4375 1282 4426 certum
1301 4372 1373 4425 iudi·
