3136 5078
781 337 783 340 ⁴
795 313 814 374 2

214 522 289 587 spes
313 501 477 568 abicienda
500 502 646 569 videatur
669 503 790 589 aliquid
814 506 894 570 certi
918 504 1060 570 eruendi.
1119 502 1298 571 Notissima
1321 512 1397 573 suut

213 629 294 694 quae
318 629 462 675 summus
484 609 534 675 uir
550 648 591 657 —·
609 609 726 677 Christ.
744 610 827 693 Aug.
845 609 1011 697 Lobeck2)
1028 651 1070 660 —
1089 611 1128 676 de
1144 609 1318 677 Eleusiniis
1348 613 1397 678 la-

212 715 299 782 bulis
324 717 454 782 statuit:
486 768 515 798 „.
534 768 568 782 ..
593 717 639 782 ita
668 719 756 783 varie
784 717 905 783 tradita
933 738 1004 784 esse
1031 722 1069 783 ut
1102 719 1312 784 manifestum
1335 719 1398 784 'fiat

212 821 336 888 nullum
364 822 559 889 tradentium
591 824 725 890 alterius
749 845 783 891 se
807 825 1016 891 obstrinxisse
1040 827 1249 907 auctoritate,
1280 824 1397 891 nedum

213 934 250 996 nt
273 950 384 996 omnes
407 950 448 996 ex
472 932 633 997 communi
657 932 797 1018 quodam
825 933 912 998 fonte
941 931 1121 1013 hauseriut3
1162 953 1225 1018 quo
1253 952 1316 998 uno
1341 952 1398 997 ex-

213 1037 319 1122 emplo
349 1057 389 1103 ex
418 1039 703 1105 innumerabilibus
739 1039 861 1105 delecto
895 1039 1042 1122 arguitur
1077 1060 1186 1105 eornm
1219 1041 1397 1120 temeritas,

214 1146 269 1229 qui
305 1164 346 1210 ex
381 1146 479 1210 variis
515 1145 779 1232 discordibusque
814 1151 982 1232 poetarum
1022 1151 1054 1212 et
1090 1145 1397 1232 mythographorum

212 1252 462 1318 narratiunculis
491 1254 643 1339 autiquae
665 1254 771 1319 famae
795 1255 932 1320 formam
956 1258 988 1319 et
1011 1254 1105 1339 quasi
1131 1254 1325 1318 lineamenta
1347 1271 1397 1318 re-

215 1361 365 1442 cognosci
388 1381 483 1447 posse
508 1365 658 1446 sperant“
678 1411 685 1425 .
704 1412 711 1426 .
731 1412 763 1427 ..
791 1361 891 1443 „haec
915 1381 1024 1426 omnes
1048 1360 1313 1441 chronologorum
1336 1359 1398 1424 cir-

213 1467 301 1534 culos
325 1468 532 1549 conturbant3
567 1457 706 1535 rationes
728 1469 850 1550 iacent,
882 1469 958 1534 silet
980 1467 1151 1550 iudicium,
1184 1465 1264 1553 quid
1287 1470 1397 1550 agant,

212 1575 391 1640 nesciunt.“

303 1679 369 1748 Sed
391 1702 432 1748 ne
455 1681 530 1749 talis
556 1683 615 1747 viri
638 1683 814 1750 auctoritas
837 1684 877 1750 ab
901 1681 1060 1748 eiusmodi
1083 1681 1198 1748 studiis
1223 1680 1400 1748 deterreret

214 1809 324 1855 omues
348 1794 460 1856 cautos
483 1793 517 1855 et
532 1789 752 1856 consideratos
772 1790 918 1856 homines
944 1827 986 1838 -
1010 1789 1277 1885 nempefuerunt
1300 1789 1399 1853 etiam

213 1895 307 1961 multi
342 1916 482 1982 semper,
516 1897 571 1982 qui
602 1897 820 1963 incertissima
842 1897 1049 1982 potissimum
1073 1896 1154 1962 scire
1179 1901 1331 1981 cuperent
1357 1935 1398 1945 —

212 2003 353 2070 maxime
376 2003 523 2069 effecisse
539 2004 667 2069 videtur
684 2000 880 2069 Graecarum
896 2003 1078 2069 fabularum
1093 2003 1238 2088 ipsarum
1260 2003 1324 2066 iam
1340 2023 1400 2088 per

213 2130 249 2176 se
272 2109 424 2192 studium,
449 2129 530 2196 quae
555 2115 664 2176 essent
687 2114 720 2176 et
735 2112 840 2196 qualis
865 2130 974 2177 earum
999 2109 1169 2196 naturae)
1206 2106 1288 2174 Sunt
1311 2108 1399 2173 enim

213 2236 277 2282 non
301 2218 409 2282 omnia
431 2219 528 2283 unius
552 2219 688 2300 generis,
713 2218 770 2284 sed
785 2219 875 2305 ipsae
892 2239 985 2284 suam
1000 2217 1129 2297 habent,
1153 2219 1192 2281 ut
1214 2216 1261 2281 ita
1284 2213 1398 2297 dicam,

214 2323 398 2405 historiam3
435 2326 534 2391 variis
565 2325 604 2392 de
634 2309 741 2392 causis
765 2330 854 2392 ortae
878 2330 953 2392 sunt
986 2330 1018 2391 et
1041 2323 1177 2390 diversis
1201 2322 1399 2408 temporibus

215 2429 342 2496 diverse
370 2430 518 2498 traditae.
565 2429 637 2498 Hoc
670 2453 796 2519 semper
824 2432 1059 2519 respiciendum
1092 2432 1168 2512 erit,
1204 2431 1233 2496 si
1261 2450 1325 2517 qua
1352 2429 1401 2494 uti

213 2538 361 2604 volumus
384 2539 649 2626 qualemcumque
680 2539 721 2604 ad
754 2541 861 2608 finem.
918 2541 969 2606 Ac
991 2540 1088 2627 primi
1111 2543 1197 2605 certe
1212 2537 1400 2604 tabularum

213 2646 320 2711 fontes
344 2650 476 2712 suntet
498 2644 632 2715 deorum
656 2647 762 2713 cultus
785 2653 820 2714 et
843 2667 925 2734 quae
941 2651 1105 2713 exuetere
1130 2666 1189 2712 sua
1210 2645 1344 2712 historia
1362 2644 1401 2710 de

213 2753 335 2834 origiue
361 2754 459 2819 rebus
486 2756 588 2835 gestis
624 2754 714 2820 bellis
749 2754 996 2835 migrationibus
1013 2804 1014 2807 η
1030 2753 1133 2837 deque
1160 2753 1201 2818 iis
1236 2752 1399 2834 gentibus,

214 2860 404 2945 quibuscum
427 2881 485 2946 per
507 2881 619 2945 pacem
644 2865 700 2926 aut
723 2859 842 2926 bellum
865 2861 973 2946 aliqua
997 2858 1195 2926 consuetudo
1220 2859 1251 2924 ei
1273 2859 1400 2939 fuisset,

214 2968 436 3051 uuusquisque
458 2967 597 3052 populus
620 2968 776 3033 memoria
798 2968 943 3034 retinuit.

303 3071 394 3139 Haec
416 3075 503 3139 varie
526 3075 592 3139 iam
621 3073 743 3141 tradita
766 3080 842 3142 suut
865 3096 885 3140 a
907 3075 1012 3161 poetis
1037 3074 1137 3160 epicis
1170 3072 1279 3158 lyricis
1312 3091 1417 3141 scae.

213 3180 305 3261 uicis,
329 3184 367 3244 ut
390 3179 429 3245 de
453 3180 556 3247 doctis
583 3182 648 3248 illis
675 3182 905 3248 Alexandrinis
926 3186 1062 3264 taceam,
1085 3181 1141 3267 qni
1167 3181 1233 3245 iam
1261 3182 1402 3267 ἀμάρτυ-

211 3312 270 3375 ρον
305 3288 396 3354 οὐδὲν
419 3290 618 3370 cecinerunt,
655 3309 851 3377 quamquam
886 3289 1071 3355 efontibus
1096 3289 1176 3354 satis
1204 3287 1401 3355 absconditis

215 3414 311 3482 saepe
334 3394 526 3475 hauserunt3
558 3401 764 3462 mutaverunt
786 3396 888 3462 multa
911 3395 1096 3481 philosophi
1119 3399 1216 3480 atque
1239 3393 1401 3472 historici;

214 3501 352 3585 denique
376 3501 424 3565 illi
447 3503 584 3578 fluerunt,
609 3502 663 3587 qui
688 3507 832 3568 veterum
849 3508 881 3568 et
903 3503 1116 3569 recentiorum
1140 3505 1305 3568 auctorum
1329 3520 1402 3565 sen-

214 3608 332 3673 tentias
361 3608 551 3693 simpliciter
585 3609 783 3692 collegerunt
812 3630 849 3675 ac
872 3610 1010 3675 breviter
1033 3630 1087 3692 ea,
1123 3629 1188 3694 qua
1211 3607 1401 3672 notissimae

217 3721 317 3795 erant,
341 3716 445 3780 forma
467 3755 511 3764 —
542 3716 776 3798 tragoediarum
801 3719 943 3782 maxime
972 3720 1161 3799 argumenta
1182 3713 1333 3797 intellego
1359 3752 1400 3762 -

217 3820 334 3887 additis
364 3843 460 3910 saepe
490 3828 634 3890 veterum
658 3829 825 3912 poetarum
854 3829 887 3890 et
916 3825 1053 3890 aliorum
1082 3828 1249 3889 auctorum
1282 3820 1402 3887 discre-

215 3930 334 4014 pantiis
350 3930 477 3996 fabulas
501 3931 695 4012 retulerunt3
721 3971 763 3980 —
780 3933 911 3999 unicum
935 3933 984 3998 illi
999 3937 1146 3998 nostrum
1162 3929 1322 4010 refugium
1346 3928 1402 3994 ubi

217 4037 399 4121 antiquiora
422 4043 631 4106 monumenta
654 4040 827 4125 perierunt.

308 4286 329 4354 π)
348 4291 489 4359 Lobetk,
517 4293 578 4361 Agl.
597 4310 623 4361 p.
644 4291 735 4361 ailla.
765 4322 798 4330 —
831 4289 863 4359 2“)
893 4295 924 4346 cl.
947 4295 976 4346 in
995 4251 1145 4347 universum
1164 4293 1197 4344 Μ.
1216 4293 1340 4358 hlaym,
1364 4289 1403 4341 De

217 4380 350 4446 Euripidis
370 4382 536 4448 mythopoeia
555 4385 641 4451 capita
660 4383 720 4450 duo,
744 4385 830 4437 Berol.
852 4382 921 4436 1883
949 4400 975 4452 p.
995 4385 1021 4437 4.
1042 4384 1066 4437 5.
1096 4409 1129 4419 -
