3136 5078
800 345 821 407 4
846 319 847 322 ,

309 537 449 616 Quorum
472 537 576 624 primo
598 537 669 602 loco
693 535 991 602 commemorandus
1016 540 1067 601 est
1090 533 1124 600 C.
1139 535 1175 601 Ο.
1190 534 1399 621 Mueller-fl)

217 648 277 726 Qui
301 651 334 712 et
357 644 488 710 deorum
513 644 648 725 cultum,
672 643 831 729 imprimis
853 641 971 707 Bacchi
999 645 1032 708 et
1055 639 1234 723 Musarum,
1271 645 1404 708 etcum

215 755 272 820 illo
295 754 497 819 coniunctam
513 751 679 831 musicam,
704 750 831 835 qualem
847 747 986 815 Thraces
1002 748 1106 814 Pierii·
1122 752 1190 814 tum
1215 749 1399 832 coluissent,

215 861 413 949 permultum
447 859 523 925 olim
558 858 699 924 valuisse
734 856 876 923 ostendit
904 855 991 942 apud
1016 855 1154 922 Graecos
1184 861 1216 922 et
1247 855 1399 923 Thracios

216 960 348 1036 aoedos'
367 967 476 1051 spicae
501 963 695 1032 Graecorum
724 965 832 1052 poesis
867 964 963 1050 quasi
1001 968 1152 1050 parentes
1193 965 1295 1032 tuisse
1339 984 1399 1050 pu-

213 1077 309 1157 tavit3
333 1075 366 1140 id
390 1074 475 1161 quod
497 1074 584 1139 nullo
609 1073 703 1139 modo
726 1073 795 1139 lieri
822 1075 991 1159 potuisset,
1015 1073 1079 1139 uisi
1096 1072 1235 1138 Thraces
1258 1071 1307 1138 illi
1333 1073 1398 1157 ipsi

214 1205 284 1251 cum
302 1182 432 1250 Graecis
449 1201 650 1247 communem
667 1182 822 1264 originem
838 1168 1042 1266 linguamque
1062 1181 1259 1247 habuissent.
1293 1178 1398 1256 Quare

213 1291 271 1356 hos
322 1283 455 1376 prorsus
495 1307 567 1353 esse
590 1286 821 1369 ,seiungendos
846 1307 866 1352 a
889 1285 1066 1353 Thracibus
1114 1286 1267 1353 Thraciae
1314 1307 1397 1373 quae

212 1397 339 1483 proprie
367 1398 413 1462 ita
441 1391 626 1462 nominatur
658 1391 791 1478 incolis,
828 1414 961 1480 quorum
985 1395 1081 1461 rudes
1104 1397 1251 1481 ferosque
1273 1399 1397 1463 animos

213 1504 324 1588 quinto
359 1502 486 1570 saeculo
516 1501 631 1569 Graeci
665 1499 867 1568 fastidissent
902 1507 959 1567 aut
992 1503 1177 1569 irrisissent.
1229 1504 1283 1570 Ad
1316 1504 1398 1570 hauc

210 1612 311 1695 igitur
333 1630 532 1676 communem
567 1611 699 1694 stirpem
734 1611 894 1695 pertinere
922 1611 1030 1676 omnia
1054 1608 1225 1693 Thracum,
1259 1613 1397 1697 quaein

212 1718 348 1785 Graecia
370 1712 602 1803 reperirentur,
632 1718 777 1798 vestigia.
808 1755 850 1765 -
880 1715 985 1782 Huius
1009 1718 1127 1783 summi
1149 1717 1210 1782 viri
1235 1721 1396 1785 sententia

211 1825 267 1891 diu
290 1824 330 1891 ab
353 1820 501 1890 omnibus
525 1825 593 1891 sinc
617 1822 815 1890 dubitatione
838 1825 973 1910 probata
996 1829 1091 1910 atque
1114 1829 1244 1912 recepta
1268 1832 1333 1908 est3
1357 1848 1394 1893 ac

210 1933 295 1998 valet
317 1951 401 1997 nune
425 1951 550 2017 quoque
574 1929 659 2018 apud
681 1932 845 2018 plurimos.
1365 1938 1367 1943 '

298 2034 377 2106 Post
413 2039 606 2105 Muellerum
644 2039 706 2103 Oh.
746 2039 787 2103 A.
826 2037 1019 2124 Lobeck5)
1065 2040 1287 2125 Aglaophamo
1335 2063 1393 2110 suo

210 2147 347 2233 Orphica
375 2147 524 2226 maxime,
562 2143 643 2232 quae
671 2164 774 2231 usque
802 2145 904 2212 adid
932 2152 1058 2231 tempus
1095 2147 1222 2213 omniuo
1257 2149 1393 2216 obscura

208 2255 347 2334 fuerant,
371 2253 556 2334 illustravit,
581 2252 693 2318 eadem
716 2252 757 2318 ad
779 2251 932 2318 nostram*
946 2254 1168 2338 quaestionem
1193 2259 1391 2341 gravissima,

209 2365 304 2446 atque
328 2359 446 2426 ibidem
470 2361 566 2426 etiam
591 2358 630 2426 de
654 2358 788 2425 Thracio
812 2359 930 2425 Bacchi
965 2360 1055 2426 cultu
1083 2364 1202 2446 optime
1226 2364 1390 2434 disseruit.

207 2467 393 2534 Muellerum
416 2468 604 2554 respexisse·
620 2466 763 2533 nondum
787 2466 920 2533 videtur.

297 2575 416 2643 Contra
438 2575 584 2641 Muelleri
613 2573 759 2658 vestigia
780 2576 900 2661 pressit
923 2574 959 2642 Ο.
984 2574 1135 2663 Abel,⁶)
1160 2576 1215 2663 qui
1238 2579 1391 2646 barbaros

205 2684 277 2750 illos
313 2683 452 2749 Thraces
487 2685 583 2769 (quos
620 2681 750 2768 Thynos
785 2683 943 2771 appellat)
980 2687 1054 2769 post
1088 2683 1222 2751 Homeri
1262 2685 1390 2753 demum

205 2795 342 2858 aetatem
381 2792 415 2856 in
444 2789 612 2856 Thraciam
651 2795 719 2855 tum
756 2810 776 2855 a
809 2790 984 2872 Pelasgicis
1014 2789 1191 2857 Thracibus
1226 2793 1391 2859 obsessam

204 2899 358 2983 irrupisse
393 2898 529 2962 coniecit
568 2916 634 2961 una
662 2916 736 2960 cum
771 2894 953 2961 Cimmeriis
981 2895 1211 2982 Treribusque,
1247 2919 1328 2984 quos
1356 2902 1391 2966 in

205 3006 320 3071 Asiam
353 3005 512 3069 invasisse
546 3002 736 3088 accepimus.
786 3001 909 3068 Horum
945 3003 1096 3089 reliquias
1125 3005 1289 3080 Asiaticos
1317 3007 1390 3073 illos

204 3111 341 3177 Thraces
365 3130 447 3192 esse,
471 3109 599 3194 Thynos
622 3109 852 3196 Bithynosque.
891 3108 1035 3187 Quorum
1057 3112 1150 3197 prius
1176 3113 1259 3178 iMud
1282 3120 1389 3181 vetere

202 3211 392 3285 testimonio
419 3213 509 3284 nullo
539 3217 669 3303 probari
703 3219 772 3303 ipse
805 3217 928 3284 fatetur
956 3223 989 3285 et
1027 3239 1109 3305 quae
1144 3219 1237 3288 affert
1269 3222 1389 3288 indicia

201 3328 333 3393 minime
356 3329 442 3393 certa
465 3329 556 3407 sunt3
581 3325 719 3392 alterum
741 3346 844 3412 nuper
859 3327 899 3393 ab
916 3325 953 3391 Ε.
971 3325 1161 3414 Meyer07)
1186 3328 1290 3396 denuo
1313 3351 1388 3417 pro-

201 3432 312 3499 batum
336 3437 394 3499 cst.
608 3428 611 3434 ’

202 3703 234 3738 zu
253 3684 460 3738 verschiedenen
479 3685 572 3740 Zeiten
591 3687 785 3740 herrschenden
803 3686 950 3742 husichtcn
969 3707 1001 3742 zu
1021 3689 1189 3744 cntuerfen“.
1210 3717 1243 3727 -
1262 3685 1286 3752 ⁴)
1306 3691 1333 3744 0.
1353 3691 1383 3744 0.

198 3764 351 3839 Mueller,
380 3773 555 3828 Orchomenos
575 3775 630 3828 und
652 3776 695 3828 dic
720 3777 820 3845 Minyer
842 3775 919 3843 1820,
948 3767 1117 3846 pala-91
1149 3779 1386 3834 -Dorier1824

199 3863 211 3916 l
229 3881 255 3931 p.
270 3861 358 3916 9-10
368 3891 402 3901 -
412 3862 499 3918 Uebcr
512 3866 554 3918 die
567 3865 730 3930 Wohnsitze‚
749 3867 792 3920 die
804 3866 995 3936 Abstammung
1006 3869 1062 3922 und
1075 3869 1118 3922 die
1135 3869 1215 3922 altere
1228 3868 1385 3923 Geschichte

199 3955 245 4006 des
264 3952 484 4007 Makedonischen
503 3955 601 4008 Vollres
623 3954 737 4023 18251).
756 3956 792 4009 34
812 3972 870 4026 sqq.
898 3983 932 3992 -
961 3957 1120 4012 Geschichte
1140 3959 1185 4011 der
1203 3958 1384 4026 griechischen

198 4043 328 4096 Literatur
355 4043 420 4096 1841
441 4043 454 4095 Ι
472 4062 498 4112 p.
519 4043 617 4097 43-7.
648 4071 682 4081 -
711 4039 732 4111 ⁶)
754 4045 805 4099 Oh.
825 4046 857 4099 h.
876 4047 1021 4114 Lobeclr,
1040 4049 1237 4116 Aglaopharuus
1266 4049 1321 4102 sive
1350 4048 1382 4101 dc

200 4132 346 4198 theologiae
364 4133 491 4199 mysticae
510 4131 666 4187 Graecorum
685 4134 771 4188 causis
795 4135 862 4188 1829
888 4133 911 4200 (l
930 4153 956 4204 p.
976 4135 1109 4203 asa-98,
1134 4137 1158 4190 ll
1176 4154 1203 4205 p.
1226 4138 1294 4191 1014
1312 4135 1380 4207 sqq.)
1476 4145 1480 4151 “

197 4248 231 4258 -
250 4215 273 4286 ⁶)
292 4220 372 4274 Otto
391 4221 488 4299 Abel,
507 4223 681 4279 Makedonien
698 4240 744 4278 ror
756 4225 845 4293 Kduig
856 4225 961 4294 Philipp
977 4226 1043 4280 1847
1063 4243 1090 4293 p.
1104 4226 1224 4290 ‹tt-843
1245 4228 1277 4280 cf.
1297 4231 1323 4280 et
1342 4243 1380 4292 ca,

196 4326 264 4380 quae
284 4313 363 4364 antea
382 4311 414 4364 de
433 4313 594 4367 Macedonici
617 4314 693 4382 regni
717 4315 864 4383 originibus
889 4317 1058 4383 disputantur
1076 4318 1115 4379 (iu
1134 4317 1283 4386 Phrygibus
1301 4321 1381 4384 atque

195 4399 343 4455 Paeonibus
360 4415 415 4454 nou
433 4400 539 4467 moror).
567 4427 601 4439 -
633 4396 654 4468 ⁷)
672 4403 726 4456 Ed.
744 4405 866 4472 Meyer,
886 4404 1043 4459 Geschichte
1068 4407 1115 4461 des
1139 4406 1284 4459 Altertums
1312 4405 1380 4462 1884
