3136 5078
184 527 356 624 auuitsstj),
372 528 424 594 Ab
447 526 603 614 Euripide
625 528 777 594 dissentit
800 504 935 594 ductor
957 525 1161 613 illirium)
1186 528 1239 592 vix
1262 531 1371 594 temen
1487 582 1490 601 .

185 636 304 720 dignus
326 635 391 717 ille,
416 636 471 722 qui
493 633 741 723 respiciatur.⁸⁶)
1103 622 1194 656 “⁶'‘

276 741 341 809 Sed
363 743 518 810 habemus
535 745 633 809 etiarn
649 747 825 825 auctorum,
851 743 905 830 qui
927 748 984 809 aut
1007 744 1136 810 omnino
1152 762 1215 808 non
1232 739 1373 828 pendent

186 842 226 917 ab
243 850 408 936 Euripide,
437 856 494 916 aut
517 854 603 917 certe
628 870 670 916 ex
691 854 784 935 purte
808 851 871 916 alio
893 849 933 916 de
956 851 1044 916 fonte
1067 851 1255 929 hauserunt,
1279 849 1372 914 testi·

186 959 302 1024 monia.
352 957 493 1035 Quorum
517 955 685 1043 primus⁸⁶)
708 957 922 1023 nominandus
945 962 996 1023 est
1018 955 1282 1043 Thucydides,
1318 956 1374 1041 qni

188 1072 365 1147 ,memorat
385 1066 515 1130 Atticae
549 1064 645 1130 urbes
682 1064 741 1130 sub
769 1065 882 1150 primis
905 1064 1037 1148 regibus
1065 1065 1154 1130 nullo
1179 1068 1266 1129 certo
1289 1064 1374 1127 iuter

187 1192 220 1237 se
242 1171 372 1238 foedere
394 1173 520 1238 iunctas
542 1172 658 1252 fuisse,
694 1176 792 1257 atque
821 1172 985 1237 interdum
1019 1171 1072 1237 vel
1105 1190 1266 1257 pugnasse
1289 1170 1375 1234 inter

186 1299 234 1360 se,
275 1281 365 1346 velut
397 1279 582 1346 Eleusinios
616 1278 775 1365 Eumolpo
814 1278 893 1345 duce
934 1278 1090 1344 adversus
1123 1276 1374 1344 Erechtheum“.

186 1384 400 1473 (Lobeck)⁸⁷)
435 1390 543 1473 Atque
565 1407 607 1453 ex
621 1386 767 1452 Atthidis
784 1387 1004 1474 scriptoribus,
1028 1386 1116 1452 haud
1132 1384 1374 1452 contemnendis

185 1496 363 1561 maximam
399 1494 527 1580 quidem
561 1500 685 1582 purtem
730 1495 924 1575 auctoribus,
983 1491 1256 1560 Phanodemus
1297 1489 1376 1576 (nisi

188 1600 307 1666 Suidas
330 1602 466 1687 erravit)
494 1602 574 1668 duas
597 1601 771 1668 Erechthei
798 1602 880 1667 filias
912 1622 946 1668 se
969 1604 1058 1689 ipsas
1080 1600 1294 1666 immolandas
1317 1617 1376 1685 pro

187 1708 293 1792 patria
315 1706 443 1775 dedisse
465 1709 575 1788 tradit,
600 1729 673 1775 curn
697 1710 859 1775 exercitus
883 1728 924 1774 ex
938 1707 1071 1775 Boeotia
1094 1708 1375 1794 appropinquaret.

187 1813 270 1881 Esse
294 1819 404 1882 autem
427 1817 466 1880 ab
489 1814 670 1901 Hyacinthe
698 1817 833 1899 tumulo,
857 1816 914 1882 ubi
937 1816 1121 1882 immolatae
1146 1818 1264 1893 essent,
1287 1810 1377 1897 Hya·

189 1921 347 1989 cinthides
376 1943 431 1988 eus
452 1925 630 2010 appellatas
647 1928 742 2009 atque
770 1921 987 2009 (heroicos,⁸⁸)
1011 1927 1048 1987 ut
1072 1920 1215 2008 videtur)
1239 1920 1377 1985 honores

187 2028 398 2115 habuisse.⁸⁹)
421 2069 463 2082 -
489 2030 750 2097 Philochorus
775 2034 893 2110 autem,
918 2048 991 2096 cum
1012 2028 1136 2095 iamdiu
1158 2025 1378 2094 interErech-

189 2248 320 2302 rhetorem
339 2250 448 2303 redolet.
468 2275 502 2287 -
522 2191 717 2320 8*ἺῇΑΙοίιΙλ
740 2249 813 2303 Ulix:
837 2245 993 2308 Μενεσθεὺς
1011 2248 1044 2300 δὲ
1062 2250 1171 2318 πρῶτος
1189 2246 1297 2316 λέγεται
1320 2262 1378 2297 zoe*

187 2340 272 2404 μῆσαι
291 2338 384 2400 τάξεις
403 2339 447 2392 καλ
466 2321 627 2411 λόγους’καλ
654 2339 801 2409 φάλαγγας
824 2341 961 2405 συστῆσαι,
990 2337 1069 2408 ἡνίκα
1087 2336 1266 2402 Εὔμολποςά
1288 2332 1378 2389 Ποσει·

189 2429 275 2487 θῶνος
304 2428 345 2481 ἐπ’
372 2424 529 2498 Ἀθηναίους
558 2425 723 2499 ἐστράτευσε
752 2423 857 2498 θρᾷιιας
887 2425 966 2498 άγων.
1015 2428 1194 2481 uenoetteum
1219 2442 1254 2479 ex
1271 2426 1378 2478 navium

189 2518 308 2585 catalogo
327 2535 374 2584 pro
393 2518 539 2571 Erechtheo
559 2520 706 2586 substituit,
735 2519 889 2586 ceteroquin
909 2518 1062 2586 Euripidem
1087 2521 1205 2582 secutus,
1232 2516 1379 2569 fortasse

190 2605 375 2672 chronologiae
403 2607 506 2660 ratione
545 2608 644 2671 habita,
680 2624 714 2661 ne
752 2607 898 2675 Eumolpus
935 2622 995 2659 cum
1032 2622 1130 2674 proavo
1168 2606 1380 2674 congrederetur,

195 2695 409 2762 quamquamhoc
420 2711 502 2764 aeque
512 2697 641 2765 ineptum.
661 2695 738 2750 crus
747 2697 796 2750 hoo
805 2694 1296 2764 auctorequaedisputaritJ.Vahlen
1305 2693 1381 2745 Situ.-

190 2784 249 2838 lier.
270 2785 296 2838 d.
316 2786 404 2838 Wien.
424 2784 475 2836 hh.
495 2784 520 2838 d.
533 2785 697 2838 Wissensch
717 2787 778 2838 hist.
799 2785 890 2853 philol.
907 2784 996 2838 classe
1016 2783 1205 2837 laderaren
1223 2778 1380 2851 puna—5.

190 2867 226 2937 ⁸⁵)
244 2874 326 2929 Xon.
344 2875 432 2928 Mem.
451 2874 496 2939 ΙΙΙ,
516 2877 540 2938 5,
562 2873 609 2928 1οι
643 2875 688 2928 rol
716 2875 761 2929 τὸν
780 2873 898 2940 πόλεμον
926 2875 972 2927 τὸν
997 2869 1041 2926 ἐπ’
1061 2869 1216 2944 Ἐρεχθέως
1236 2870 1380 2940 γενόμενον

191 2963 261 3034 πρὸς
280 2963 344 3024 τοὺς
363 2965 394 3016 ἐκ
413 2966 463 3031 τῆς
483 2966 613 3037 ἐχομένης
632 2965 748 3035 ἠπείρου
761 2966 859 3034 πάσης.
891 2965 1014 3017 Forsitan
1032 2965 1083 3016 iam
1103 2967 1160 3015 tum
1178 2962 1210 3014 de
1228 2960 1379 3014 Phorbante

190 3053 329 3106 Acarnane
347 3053 447 3121 aliquid
465 3060 597 3106 narratum
615 3060 656 3106 est
669 3056 702 3107 de
720 3055 852 3122 huiusque
871 3054 1015 3117 similibus3
1033 3069 1058 3105 r·
1070 3052 1147 3106 inira.
1168 3077 1203 3088 -
1222 3044 1256 3116 80)
1277 3049 1380 3101 Bellum
1447 3108 1450 3112 ⁴

192 3142 272 3206 enim,
290 3156 342 3208 quo
362 3142 553 3194 Herodotus
572 3141 593 3204 Ι,
607 3141 644 3192 30
662 3143 764 3194 Tellum
785 3143 913 3195 cecidisse
930 3147 1026 3205 narrat,
1043 3157 1100 3194 non
1118 3146 1210 3195 contra
1227 3138 1379 3192 Eleusinios

193 3231 297 3294 gestum
317 3228 423 3293 dicitur,
441 3232 472 3280 ut
492 3229 533 3280 vel
551 3228 739 3282 Lubeclrius
758 3231 816 3298 hgl.
835 3246 863 3298 p.
877 3229 930 3282 214
948 3231 1059 3295 censuit,
1079 3231 1124 3282 sed
1144 3229 1215 3299 apud
1228 3229 1381 3281 Eleusinem

193 3321 287 3371 contra
294 3317 472 3385 llegnrenseu
482 3319 527 3386 qui
537 3321 598 3386 post
607 3317 773 3371 Eleusiniam
784 3319 883 3372 bellum
893 3318 1096 3371 Atheniensium
1108 3318 1216 3371 finitimi
1225 3317 1288 3369 tacti
1298 3319 1381 3369 erant.

194 3405 319 3460 Ceterum
347 3422 389 3460 res
418 3407 489 3461 inter
517 3422 608 3460 omnes
636 3407 688 3460 ianr
717 3413 828 3461 constat
853 3432 889 3444 --
908 3401 943 3473 ⁸⁷)
963 3407 1059 3462 'l‘hue
1079 3407 1112 3472 ll,
1134 3409 1166 3460 15
1186 3406 1234 3460 καί
1250 3423 1320 3465 τινες
1337 3403 1381 3456 καὶ

193 3496 365 3568 λαολίμησάν
383 3515 451 3551 τοτε
470 3497 571 3562 αὐτῶν,
587 3497 681 3568 ὥσπερ
700 3497 744 3550 καὶ
754 3492 902 3551 Ἐλευσίνια
918 3492 976 3564 ner?
992 3495 1138 3562 Εὐμόλπου
1156 3497 1227 3567 πρὸς
1240 3491 1380 3566 Ἐρεχθέα.

193 3581 227 3652 ⁸⁸)
247 3588 282 3640 Et
301 3585 470 3641 confirmatur
486 3587 679 3640 Philochori
703 3588 860 3654 gravissimo
879 3588 1033 3641 testimonio
1052 3589 1083 3640 tr.
1104 3587 1279 3640 31=schol
1299 3585 1380 3652 Soph.

193 3675 256 3730 oso.
277 3674 332 3730 σοι.
353 3675 396 3728 ee.
417 3700 450 3712 -
471 3670 505 3741 89)
524 3656 664 3729 ruinis.
684 3677 716 3728 fr.
736 3676 752 3728 a
773 3674 858 3741 (suu.
878 3693 901 3728 s.
919 3693 943 3730 v.
963 3671 1382 3747 supernorumquo:

194 3767 352 3836 θυγατέρας
369 3765 459 3826 οὕτως
477 3765 572 3836 ἔλεγον
590 3766 636 3819 ael
648 3766 755 3832 ἐτίμων.
769 3764 837 3836 ἦσαν
850 3767 882 3818 δὲ
895 3767 1014 3837 ἀριθμὸν
1032 3766 1075 3828 ἕξ·
1090 3805 1096 3819 .
1111 3807 1117 3819 .
1132 3806 1139 3818 .
1163 3765 1262 3820 τούτων
1274 3763 1383 3831 λέγεται

195 3851 385 3926 Πρωτογένεια
412 3856 457 3908 καί
478 3854 616 3927 Πάνδωρα
635 3856 728 3908 δοῦναι
748 3855 849 3916 ἑαυτὰς
866 3859 1000 3926 σφαγῆναι
1028 3857 1097 3926 ὑπὲρ
1117 3858 1166 3922 τῆς
1180 3854 1284 3926 χώρας,
1303 3869 1381 3922 στρα·

193 3948 252 4005 τιᾶς
276 3945 412 4016 ἐλθούσης
436 3947 467 3996 ἐν
484 3943 626 4004 Βοιωτίας.
656 3945 883 4014 ἐσφαγιάσθησαν
909 3946 941 3997 δὲ
970 3946 998 3997 ἐν
1016 3939 1056 4015 τῷ
1072 3941 1205 4014 Ὑακίνθῳ
1224 3941 1381 4010 καλουμένῳ

194 4035 275 4104 πάγῳ
294 4033 363 4103 ὑπὲρ
381 4039 434 4086 τῶν
448 4033 627 4104 Σφενδσνίων,
647 4035 689 4087 διὸ
708 4033 753 4086 καὶ
772 4033 845 4086 οθτω
864 4034 1006 4087 καλοῦνται
1024 4035 1053 4085 αἱ
1064 4034 1198 4104 παρθένοι
1207 4028 1239 4085 ‘Y
1236 4030 1381 4094 ακινθίδις,

193 4124 324 4193 καθάπερ
336 4128 476 4193 μαρτυρεῖ
489 4121 651 4193 Φανόδημος
663 4162 670 4176 .
684 4162 691 4176 .
705 4162 711 4176 .
731 4123 904 4193 μεμνημένος
916 4125 975 4190 τῆς
993 4125 1093 4189 τιμῆς
1111 4123 1226 4175 αὐτῶν.
1260 4120 1382 4174 Ceterum

194 4214 227 4266 de
245 4212 393 4280 virginibus
410 4213 553 4265 immolatis
572 4229 596 4265 r.
614 4212 743 4267 hubeclr
762 4213 821 4280 Agl.
834 4228 861 4280 p.
876 4210 992 4265 210-2.
1020 4212 1184 4276 Phanodemi
1197 4216 1223 4265 et
1234 4209 1382 4264 Philochori

194 4301 236 4367 (ir.
256 4302 290 4356 al
311 4318 353 4371 ap.
372 4302 453 4355 schol
479 4301 559 4371 Scph.
585 4301 649 4356 Oed.
679 4301 708 4355 0.
730 4299 792 4371 100)
820 4303 873 4355 1οοί
900 4306 973 4355 certe
999 4301 1067 4354 illud
1093 4303 1215 4369 probent,
1242 4299 1381 4353 Erechthei

166 4391 306 4476 xfiliarum
332 4392 540 4446 immolationem
567 4407 632 4446 non
659 4394 697 4445 ab
726 4393 884 4461 Euripide
910 4393 944 4446 in
970 4391 1115 4445 tabulam
1141 4391 1179 4444 de
1198 4390 1381 4443 Erechtheo
