3136 5078
769 321 811 384 76

195 517 245 580 166
271 535 370 601 supra
394 512 637 601 Salmydessum
660 514 740 580 sitos
765 513 926 580 tenebant.
978 513 1120 590 Quorum
1157 513 1239 580 siin
1263 514 1382 581 tabulis

198 618 330 686 Graecis
353 619 508 722 Phineus
513 620 615 707 semel
638 623 751 693 faetus.
766 626 837 688 erat
859 641 931 702 rex,
956 620 1050 687 facile
1074 622 1172 686 etiam
1195 622 1237 688 ad
1259 622 1383 688 Asiati-

197 747 250 794 oos
275 727 403 811 Thynos
426 729 533 815 potuit
559 729 735 795 transferri.
779 727 894 815 Neque
919 749 1011 811 vero,
1047 748 1110 813 quo
1134 729 1264 796 tandem
1288 731 1382 796 modo

196 835 231 901 in
253 835 504 923 Paphlagoniam
527 825 635 902 venire
659 837 816 923 potuerit,
853 835 958 902 adhuc
980 835 1216 922 explicandum.
1265 836 1383 914 Quam·

197 963 295 1028 quam
317 945 374 1009 vix
398 942 523 1010 dubitet
535 944 704 1029 quispiam,
730 943 808 1029 quin
829 942 1031 1028 Pherecydes
1047 942 1198 1030 Ephorus
1213 945 1382 1028 Arrianus,

196 1056 235 1117 ut
258 1049 297 1116 16
322 1051 394 1117 aliis
417 1055 553 1133 taceam,
578 1051 732 1117 nonnulla
750 1051 906 1117 historiae
927 1051 1052 1116 ratione
1072 1050 1183 1117 habita
1204 1057 1261 1118 aut
1281 1057 1383 1118 traus-

196 1160 331 1225 tulerint
354 1163 412 1224 aut
434 1159 627 1225 translatum
651 1161 692 1226 ab
709 1158 782 1224 aliis
807 1159 997 1244 acceperint,
1021 1160 1210 1244 praesertim
1234 1179 1305 1224 curn
1330 1180 1383 1225 ve-

197 1272 281 1333 teres
315 1271 428 1352 poetas
463 1267 544 1332 nihil
573 1266 686 1332 horum
716 1266 833 1333 habere
858 1267 987 1332 scirent.
1037 1263 1101 1332 Sed
1125 1265 1281 1351 quomodo
1304 1267 1384 1332 haec

198 1375 372 1441 difficultas
397 1378 483 1440 esset
506 1373 715 1460 expedienda,
739 1375 803 1440 iam
818 1374 987 1444 Abelius
1011 1375 1130 1458 optime
1155 1373 1301 1455 ostendit,
1327 1374 1383 1458 qui

48 1530 62 1553 f
91 1538 97 1547 ,
197 1480 407 1568 Bithynorum
437 1485 659 1565 migrationem
690 1484 854 1550 coniunxit
881 1503 955 1549 cum
977 1503 1096 1564 magna
1118 1483 1174 1549 illa
1197 1481 1384 1548 Cimmerio·

197 1611 268 1656 rum
291 1592 325 1654 in
349 1590 460 1656 Asiam
485 1591 659 1656 invasione.
799 1575 802 1583 ‘

288 1696 382 1764 Certe
405 1697 523 1780 multa,
555 1717 639 1782 quae
667 1697 717 1763 vir
739 1697 853 1764 doctus
883 1694 922 1762 de
947 1695 1069 1783 Thynis
1097 1697 1130 1761 in
1155 1695 1291 1762 Thracia
1314 1698 1385 1783 ipsa

198 1805 306 1870 omnia
329 1805 602 1872 commutantibus
625 1805 776 1890 protulit,
801 1824 999 1889 quamquam
1022 1802 1147 1889 aliquid
1176 1824 1230 1870 eos
1258 1809 1384 1890 pertur-

172 1952 173 1955 =
197 1911 290 1977 basse
313 1930 372 1999 per
395 1931 431 1978 sc
447 1908 723 1977 'verisimillimum
746 1916 810 1994 est,
847 1912 912 1978 iam
940 1931 1012 1978 eam
1036 1911 1075 1977 ob
1100 1901 1235 1978 cansam
1262 1915 1386 1978 incerta

171 2027 172 2031 ’
198 2024 289 2100 sunt,
319 2017 405 2105 quod
423 2018 504 2085 nihil
525 2020 654 2086 omnino
678 2019 718 2085 de
731 2018 890 2085 eiusmodi
905 2019 1211 2086 commutationibus
1226 2019 1384 2086 traditum

198 2125 313 2212 est283)
342 2129 375 2192 et
389 2127 441 2191 vel
457 2124 612 2193 Thraciae
637 2126 676 2191 ab
692 2123 832 2192 Homero
849 2125 1031 2212 descriptae
1051 2127 1090 2192 ab
1112 2147 1151 2192 66
1174 2145 1257 2210 quae
1272 2138 1387 2211 postea

196 2235 297 2302 fuerit
336 2232 506 2301 diversitas
531 2253 628 2318 quam
652 2233 768 2299 statuit
796 2232 886 2298 66116
909 2237 972 2309 661,
1011 2231 1183 2298 dummodo
1206 2231 1386 2303 Homerum

197 2346 328 2429 poetam
350 2360 414 2406 non
439 2339 659 2424 geographum
681 2339 776 2405 litora
798 2339 893 2405 modo
916 2337 1072 2406 Thraciae
1093 2341 1283 2422 cognovisse
1310 2361 1385 2408 con-

198 2448 358 2518 cedamus.
411 2445 477 2514 Sed
510 2445 596 2532 quod
622 2444 660 2511 B.
690 2445 900 2532 Giseke284)
936 2451 1047 2513 contra
1077 2446 1325 2515 Cimmeriorum
1353 2456 1387 2515 61

147 2635 157 2656 ⁰
199 2557 335 2624 Trerum
363 2576 437 2622 cum
464 2553 612 2639 Bithynis
647 2554 904 2621 coniunctionem
919 2602 921 2606 .
939 2553 1094 2622 disseruit
1127 2575 1168 2623 ex
1201 2560 1385 2642 temporum

198 2666 320 2732 ratione
344 2703 387 2713 -—
412 2682 484 2731 esse
509 2663 595 2728 enim
618 2660 835 2746 Bithynorum
859 2681 879 2727 a
901 2661 1082 2729 Paeonibus
1105 2663 1218 2743 fugam
1246 2663 1295 2728 ita
1320 2667 1386 2730 tra-

199 2773 310 2854 ditam,
336 2777 372 2837 61
394 2770 528 2837 dubium
550 2769 631 2835 nihil
653 2769 897 2855 relinqueretur,
923 2769 1073 2855 equidem
1100 2771 1233 2836 minime
1263 2769 1385 2853 dubito,
1496 2795 1499 2800 ·

199 2883 278 2968 quin
305 2880 385 2945 haec
413 2879 486 2963 ipsa
514 2877 714 2943 continuatio
743 2897 853 2943 rerum
880 2875 974 2962 plane
1003 2877 1125 2942 incerta
1154 2882 1251 2962 atque
1282 2877 1386 2963 (apud

198 2987 372 3072 Bithynos)
396 2984 524 3052 omnino
548 3003 611 3049 non
635 2983 757 3048 tradita
780 2983 832 3051 sit.
854 2981 856 2986 ’
880 2981 1051 3050 Praeterea
1074 2983 1211 3050 Abelius
1234 3005 1298 3052 non
1321 3005 1386 3052 666

199 3114 282 3162 anuo
311 3110 422 3158 omnes
449 3090 525 3157 illas
554 3094 666 3172 gentes
690 3109 709 3157 e
731 3088 864 3157 Thracia
891 3091 1079 3178 prorupisse
1107 3091 1201 3174 dicit,
1237 3092 1294 3160 sed
1328 3113 1388 3180 per

199 3202 303 3267 multa
324 3199 453 3266 saecula
474 3198 675 3264 continuatas
691 3199 875 3265 invasiones
902 3201 973 3284 „(es
991 3201 1073 3286 war)
1090 3199 1179 3266 nicht
1195 3201 1246 3264 ein
1263 3200 1386 3281 Sturm,

200 3310 338 3377 sordem
362 3308 414 3375 eiu
437 3307 548 3389 langas
572 3305 819 3389 lekerwogen,
844 3328 902 3373 aus
927 3306 1001 3372 dem
1025 3305 1077 3373 die
1100 3326 1205 3373 66666
1220 3305 1384 3375 Ζ6611616

198 3416 441 3498 hervorgingen.
488 3412 551 3481 Dio
574 3412 693 3478 letzten
717 3412 838 3480 Wellen
864 3412 938 3479 sind
961 3431 1013 3494 es,
1043 3413 1096 3480 die
1123 3435 1186 3480 uns
1209 3412 1311 3481 durch
1334 3413 1385 3480 die

201 3528 300 3589 etwas
325 3522 509 3586 verwirrten
533 3519 760 3600 Erzahlungen
785 3539 847 3584 von
877 3519 937 3584 166
975 3520 1185 3604 skythisohen
1212 3521 1278 3585 und
1302 3521 1387 3586 kim·

200 3629 378 3697 merischen
407 3626 515 3708 Zirgen
552 3626 694 3691 bekannt
729 3624 832 3694 sind.“
882 3624 1164 3694 Continuationem
1192 3627 1287 3692 modo
1318 3648 1386 3693 om-

90 3781 106 3804 .‚
199 3740 291 3804 nium
324 3735 454 3801 illarum
487 3732 709 3799 incursionum
749 3733 783 3799 in
816 3733 930 3801 Asiam
964 3735 1125 3802 16616166
1159 3735 1280 3820 optimo
1315 3735 1387 3802 iure

223 3867 239 3910 r
277 3841 379 3910 sitm
417 3881 461 3891 .-

200 3866 221 3931 p
240 3865 275 3912 0⁸
291 3845 784 4040 Quamditiones
807 3948 882 4014 inde
899 3949 938 4016 ab
954 3949 1086 4016 ineunte
1102 3949 1240 4034 septimo
1258 3950 1387 4016 saeculo

200 4081 303 4147 usque
331 4060 372 4125 ad
398 4057 542 4143 Alyattis
566 4059 689 4123 strenui
707 4056 794 4123 illius
822 4055 986 4143 Lydorum
1004 4055 1089 4139 regis
1113 4059 1260 4143 tempora
1282 4058 1387 4122 factae

202 4297 337 4351 Herodoto
360 4297 486 4350 hauserit.
506 4324 539 4333 -
560 4289 607 4362 ¹⁸³)
626 4297 662 4351 Ut
679 4299 737 4366 ipse
757 4295 877 4352 concedit
899 4311 926 4364 p.
946 4296 980 4348 82
1000 4298 1017 4350 l.
1037 4296 1054 4349 1.
1074 4321 1107 4331 -
1129 4289 1176 4361 ²⁸⁴)
1195 4294 1314 4348 Giseka
1332 4295 1349 4348 l.
1369 4294 1388 4346 l.

202 4379 300 4456 p.1'11
326 4385 416 4440 612.
445 4413 480 4422 -
509 4380 555 4452 ²⁸⁶)
575 4385 821 4455 (1111116161,
848 4384 880 4439 G.
909 4387 934 4439 d.
962 4388 994 4440 A.
1023 4382 1150 4450 mou.
1179 4409 1214 4420 -
1237 4376 1387 4446 186)11’661
