3136 5078
762 329 805 395 63

185 527 311 612 punire,
341 525 461 590 Phineo
490 526 603 590 mortis
634 529 692 590 aut
720 524 885 589 caecitatis
915 523 1081 606 eligendae
1111 523 1281 589 arbitrium
1304 543 1377 608 per-

184 634 325 701 misisse.
367 631 449 698 Cum
469 652 545 698 vero
569 632 758 698 caecitatem
780 635 942 713 rogasset,
968 631 1076 696 Solem
1100 650 1196 712 aegre
1218 631 1376 697 ferentem

186 742 326 828 (scilicet
350 743 513 826 spretum)
536 738 699 825 Harpyias
722 739 862 818 misisse,
894 759 977 825 quae
1001 739 1088 805 cibos
1113 739 1264 823 quotiens
1283 736 1376 803 edere

184 849 282 915 vellet
316 847 497 933 perderent.
549 845 737 930 Ibidem238)
767 847 853 911 siout
885 845 973 931 apud
995 844 1177 911 Hesiodum
1207 843 1376 911 Phoenicis

184 958 271 1023 lilius
295 954 438 1020 Phineus
462 955 647 1040 appellatus
669 954 771 1019 fuisse
795 953 932 1020 videtur.

277 1061 370 1140 Quod
397 1060 558 1146 Aeschylo
594 1060 674 1126 haec
697 1061 848 1142 tribuam,
885 1081 1000 1126 causas
1035 1059 1137 1126 habeo
1169 1059 1314 1126 diversas
1343 1047 1381 1126 et'

188 1193 303 1256 genere
337 1175 371 1238 et
401 1169 553 1254 pondere.
610 1168 838 1235 Praetermitto
874 1167 951 1234 deos
985 1169 1019 1233 in
1053 1168 1196 1234 fabulam
1229 1167 1377 1234 inductos

186 1277 294 1344 lovem
324 1281 357 1343 et
381 1274 505 1357 Solem,
540 1275 574 1342 id
609 1275 697 1361 quod
725 1274 909 1341 Promethei
938 1280 971 1341 et
998 1273 1213 1340 Eumenidum
1248 1280 1377 1360 poetam

187 1385 326 1465 redolet3
363 1390 528 1469 praetereo
552 1394 586 1449 et
608 1384 698 1448 illam
729 1403 811 1469 quae
834 1382 911 1448 huie
947 1402 1021 1448 oum
1043 1381 1190 1465 catalogo
1213 1382 1376 1449 Hesiodeo

184 1492 357 1559 intercedit
391 1493 560 1574 rationem,
596 1490 682 1576 qnod
709 1491 762 1555 hic
792 1510 919 1576 qnoque
949 1490 1118 1556 arbitrium
1154 1489 1232 1555 illud
1255 1490 1375 1557 Phineo

186 1599 381 1679 conceditur,
407 1606 526 1665 1111111
538 1603 624 1665 certe
637 1619 712 1664 cnm
724 1597 878 1683 Aeschyli
889 1617 977 1663 more
991 1597 1110 1683 optime
1123 1600 1375 1679 convenientem,

187 1707 333 1792 quamvis
361 1709 393 1772 et
421 1726 495 1771 oum
519 1704 688 1793 Sophoclis
719 1704 968 1786 consuetudine,
1005 1724 1102 1790 quem
1138 1704 1226 1788 cyclo
1262 1705 1374 1770 saltem

186 1815 275 1899 epioe
300 1814 447 1896 gavisum
471 1832 542 1878 esse
572 1816 712 1894 constet,
736 1813 869 1877 minime
892 1816 1104 1897 pugnantem3
1130 1831 1230 1877 unum
1253 1832 1375 1898 premo,

187 1921 272 2008 quod
300 1921 440 1987 Phineus
475 1921 558 1987 filios
594 1920 736 1987 nondum
771 1927 883 1987 caecat
918 1924 976 1985 aut
1011 1919 1188 1987 enecandos
1216 1920 1377 2005 permittit

189 2029 292 2111 uxori,
328 2028 385 2094 sed
419 2029 591 2095 necandos.
637 2027 682 2095 Ut
712 2029 798 2095 enim
828 2029 933 2119 magis
963 2035 1013 2094 est
1036 2029 1196 2110 tragicum
1220 2027 1376 2093 Phineum

184 2135 272 2202 ‘idem
295 2137 376 2222 pati,
401 2156 466 2222 quo
489 2137 572 2202 filios
594 2156 670 2203 suos
686 2137 874 2202 innocentes
890 2140 1022 2223 propter
1037 2136 1182 2201 mulieris
1200 2135 1375 2202 calumnias

186 2243 343 2326 affecerit,
378 2244 427 2309 ita
457 2264 522 2310 non
550 2243 632 2309 illud
660 2243 790 2329 quidem
820 2243 860 2309 ab
884 2243 976 2309 initio
1000 2247 1166 2329 repertum
1189 2263 1260 2310 esse
1283 2249 1374 2329 puto,

185 2372 257 2418 cum
281 2371 356 2417 vero
381 2352 483 2417 semel
505 2357 670 2437 repertum
693 2355 791 2433 esset,
825 2371 889 2416 non
913 2351 1008 2417 facile
1034 2371 1054 2416 a
1076 2351 1255 2437 posteriore
1279 2355 1376 2436 poeta

184 2459 374 2540 neglectum.
421 2459 526 2536 Quare
549 2459 628 2524 hacc
652 2458 779 2523 videtur
806 2459 907 2524 fnisse
937 2459 1164 2543 antiquissima
1191 2457 1376 2540 tragoediae

183 2568 298 2633 forma.
343 2566 525 2651 Aeschylus
548 2567 662 2652 opinor
684 2567 807 2652 primus
830 2564 951 2631 malam
973 2565 1063 2631 illam
1086 2585 1267 2646 novercam,
1292 2585 1375 2651 quae

184 2675 351 2760 privignos
374 2674 466 2740 falsis
489 2674 804 2740 incriminationibus
827 2673 1028 2759 pessumdat,
1051 2671 1180 2739 induxit
1207 2672 1285 2757 (luit
1309 2692 1376 2736 om-

184 2783 261 2847 uino
285 2781 370 2866 apud
389 2779 527 2848 Graecos
550 2781 636 2848 mala
660 2801 796 2847 noverea
811 2782 939 2863 egregie
955 2780 1088 2863 tragica,
1109 2781 1149 2847 of.
1165 2779 1375 2846 Athamantis

186 2889 362 2974 fabulam);
399 2887 574 2976 Sophocles
598 2911 667 2956 rem
690 2889 876 2973 tragoediae
912 2889 1113 2975 aptissimam
1149 2888 1282 2973 accepit,
1319 2886 1378 2952 scd

185 2996 402 3082 pulchriorem
425 2998 526 3063 multo
549 2997 691 3064 reddidit
714 3002 748 3064 et
762 2998 866 3063 multo
882 2997 986 3079 magis
1003 2995 1044 3062 ad
1059 2994 1235 3062 movendos
1253 2995 1376 3061 animos

187 3102 349 3186 idoneam3
387 3123 424 3170 11
462 3104 566 3189 primo
607 3103 739 3189 quidem
771 3105 894 3171 Phineo
932 3105 1039 3189 priore
1075 3103 1229 3169 Phineum
1267 3103 1376 3186 ipsum

186 3211 309 3279 facinus
355 3212 610 3278 committentem
653 3211 745 3292 fecit,
791 3212 922 3277 mulieri
968 3210 1201 3293 indulgentem,
1249 3208 1375 3289 deinde,

184 3320 347 3405 Aeschylo
371 3339 483 3385 rursus
520 3319 670 3400 similius,
709 3319 816 3384 omnia
839 3318 968 3384 mulieri
992 3317 1233 3404 permittentem
1255 3314 1375 3381 Phineo

185 3425 285 3494 altero
310 3427 378 3492 sive
401 3425 621 3512 Tympanistis
646 3431 680 3493 et
703 3432 826 3513 postea,
851 3429 1001 3514 utputo,
1025 3426 1200 3507 Antigone.

275 3534 495 3600 Posteriorum
531 3536 725 3620 scriptorum
760 3534 906 3621 plerique
943 3538 999 3600 aut
1028 3533 1196 3621 Sophoclis
1221 3531 1376 3599 Phineum

186 3645 242 3704 aut
280 3641 444 3726 Apollonii
483 3643 705 3726 Argonautica
743 3644 848 3710 secuti
892 3647 977 3709 sunt.
1039 3642 1090 3710 De
1130 3642 1376 3730 Apollodori

186 3745 380 3814 bibliotheca
404 3751 484 3816 satis
507 3750 641 3832 dictum,
666 3751 723 3836 qui
746 3750 849 3816 altero
872 3751 944 3817 loco
968 3752 1134 3837 Apollonii
1155 3751 1376 3833 Argonautica

187 3854 371 3938 exscripsit,
407 3857 508 3924 altero
533 3861 567 3923 ct
589 3877 627 3923 eo
651 3857 782 3943 quidem
798 3859 987 3940 gravissimo
1012 3863 1158 3925 veterum
1185 3858 1375 3943 scriptorum

185 3978 222 4024 ao
268 3964 438 4045 poetarum
482 3964 716 4051 discrepantias
756 3965 965 4052 collegit239)
1026 3965 1208 4051 Hyginus
1248 3986 1375 4055 quoque

183 4067 341 4154 pleraque
366 4089 427 4135 sua
450 4093 492 4138 ex
514 4072 688 4161 Apollonio
712 4075 862 4159 sumpsit,
889 4074 947 4140 sed
970 4075 1128 4140 nefariam
1150 4073 1240 4140 illam
1263 4094 1375 4141 nover-

184 4195 256 4241 cam
280 4196 321 4242 ex
345 4173 503 4263 Sophocle
526 4179 772 4268 admiscuit.24⁰)
819 4179 871 4247 De
895 4181 968 4247 aliis
991 4182 1076 4247 infra
1100 4181 1215 4247 dicam.
1240 4222 1286 4232 -

184 4423 440 4503 ’3811111111111ο
460 4434 540 4489 schol.
562 4435 612 4504 Ap.
632 4436 682 4490 Rh.
703 4437 736 4504 11,
758 4437 816 4490 178.
848 4463 881 4473 —
911 4429 958 4501 ²³⁹)
977 4436 1057 4505 Apd.
1076 4437 1097 4504 I,
1117 4436 1143 4505 9,
1164 4437 1197 4492 21
1228 4436 1273 4504 (ex
1293 4438 1374 4507 Apol-
