<?xml version="1.0" encoding="UTF-8"?>
<!DOCTYPE html PUBLIC "-//W3C//DTD XHTML 1.0 Transitional//EN"
    "http://www.w3.org/TR/xhtml1/DTD/xhtml1-transitional.dtd">
<html xmlns="http://www.w3.org/1999/xhtml" xml:lang="en" lang="en">
 <head>
  <title>
</title>
<meta http-equiv="Content-Type" content="text/html;charset=utf-8" />
  <meta name='ocr-system' content='tesseract 3.04.00' />
  <meta name='ocr-capabilities' content='ocr_page ocr_carea ocr_par ocr_line ocrx_word'/>
</head>
<body>
  <div class='ocr_page' id='page_1' title='image "./degraecorumfabu00gaergoog_0031.png"; bbox 0 0 3136 5078; ppageno 0'>
   <div class='ocr_carea' id='block_1_1' title="bbox 188 763 1378 1927">
    <p class='ocr_par' dir='ltr' id='par_1_1' title="bbox 188 763 1378 1927">
     <span class='ocr_line' id='line_1_1' title="bbox 282 763 1378 853; baseline 0.005 -25"><span class='ocrx_word' id='word_1_1' title='bbox 282 763 390 829; x_wconf 91' lang='lat' dir='ltr'>Prima</span> <span class='ocrx_word' id='word_1_2' title='bbox 413 783 489 830; x_wconf 88' lang='lat' dir='ltr'>vero</span> <span class='ocrx_word' id='word_1_3' title='bbox 508 763 660 850; x_wconf 88' lang='lat' dir='ltr'>Eumolpi</span> <span class='ocrx_word' id='word_1_4' title='bbox 684 766 804 831; x_wconf 87' lang='lat' dir='ltr'>mentio</span> <span class='ocrx_word' id='word_1_5' title='bbox 818 766 864 830; x_wconf 77' lang='lat' dir='ltr'>lit</span> <span class='ocrx_word' id='word_1_6' title='bbox 886 765 920 830; x_wconf 93' lang='lat' dir='ltr'>in</span> <span class='ocrx_word' id='word_1_7' title='bbox 943 764 1106 831; x_wconf 86' lang='lat' dir='ltr'><strong>Homeri</strong></span> <span class='ocrx_word' id='word_1_8' title='bbox 1128 766 1183 833; x_wconf 93' lang='lat' dir='ltr'>illo</span> <span class='ocrx_word' id='word_1_9' title='bbox 1208 769 1261 853; x_wconf 90' lang='lat' dir='ltr'>qui</span> <span class='ocrx_word' id='word_1_10' title='bbox 1285 789 1378 834; x_wconf 86' lang='lat' dir='ltr'>roca·</span> 
     </span>
     <span class='ocr_line' id='line_1_2' title="bbox 191 869 1378 958; baseline 0.006 -23"><span class='ocrx_word' id='word_1_11' title='bbox 191 875 245 936; x_wconf 88' lang='lat' dir='ltr'>tur</span> <span class='ocrx_word' id='word_1_12' title='bbox 267 872 306 935; x_wconf 91' lang='lat' dir='ltr'>in</span> <span class='ocrx_word' id='word_1_13' title='bbox 324 869 504 937; x_wconf 77' lang='lat' dir='ltr'>Cererem</span> <span class='ocrx_word' id='word_1_14' title='bbox 527 872 681 956; x_wconf 87' lang='lat' dir='ltr'>hymno,</span> <span class='ocrx_word' id='word_1_15' title='bbox 706 872 818 939; x_wconf 92' lang='lat' dir='ltr'>eodem</span> <span class='ocrx_word' id='word_1_16' title='bbox 843 875 876 938; x_wconf 88' lang='lat' dir='ltr'>et</span> <span class='ocrx_word' id='word_1_17' title='bbox 892 873 1080 958; x_wconf 79' lang='lat' dir='ltr'>ceteroquin</span> <span class='ocrx_word' id='word_1_18' title='bbox 1095 893 1203 940; x_wconf 90' lang='lat' dir='ltr'>rerum</span> <span class='ocrx_word' id='word_1_19' title='bbox 1218 873 1378 942; x_wconf 90' lang='lat' dir='ltr'>Eleusini-</span> 
     </span>
     <span class='ocr_line' id='line_1_3' title="bbox 191 977 1377 1068; baseline 0.005 -26"><span class='ocrx_word' id='word_1_20' title='bbox 191 997 283 1043; x_wconf 91' lang='lat' dir='ltr'>arum</span> <span class='ocrx_word' id='word_1_21' title='bbox 313 978 541 1063; x_wconf 89' lang='lat' dir='ltr'>antiquissimo</span> <span class='ocrx_word' id='word_1_22' title='bbox 569 979 667 1045; x_wconf 90' lang='lat' dir='ltr'>fonte.</span> <span class='ocrx_word' id='word_1_23' title='bbox 721 977 820 1045; x_wconf 84' lang='lat' dir='ltr'>Cuius</span> <span class='ocrx_word' id='word_1_24' title='bbox 848 979 1035 1046; x_wconf 84' lang='lat' dir='ltr'>testimonie</span> <span class='ocrx_word' id='word_1_25' title='bbox 1064 1001 1191 1066; x_wconf 87' lang='lat' dir='ltr'>semper</span> <span class='ocrx_word' id='word_1_26' title='bbox 1217 1002 1276 1068; x_wconf 91' lang='lat' dir='ltr'>pro</span> <span class='ocrx_word' id='word_1_27' title='bbox 1305 1003 1377 1065; x_wconf 82' lang='lat' dir='ltr'>gra-</span> 
     </span>
     <span class='ocr_line' id='line_1_4' title="bbox 193 1085 1376 1175; baseline 0.004 -25"><span class='ocrx_word' id='word_1_28' title='bbox 193 1087 334 1153; x_wconf 89' lang='lat' dir='ltr'>vissimis</span> <span class='ocrx_word' id='word_1_29' title='bbox 381 1085 529 1153; x_wconf 87' lang='lat' dir='ltr'>habenda</span> <span class='ocrx_word' id='word_1_30' title='bbox 577 1107 650 1153; x_wconf 90' lang='lat' dir='ltr'>esse</span> <span class='ocrx_word' id='word_1_31' title='bbox 697 1107 760 1152; x_wconf 89' lang='lat' dir='ltr'>non</span> <span class='ocrx_word' id='word_1_32' title='bbox 803 1092 854 1153; x_wconf 98' lang='grc' dir='ltr'>θεῖ</span> <span class='ocrx_word' id='word_1_33' title='bbox 888 1087 972 1173; x_wconf 90' lang='lat' dir='ltr'>quod</span> <span class='ocrx_word' id='word_1_34' title='bbox 1008 1087 1126 1171; x_wconf 82' lang='lat' dir='ltr'>dieam3</span> <span class='ocrx_word' id='word_1_35' title='bbox 1165 1109 1268 1175; x_wconf 91' lang='lat' dir='ltr'>neque</span> <span class='ocrx_word' id='word_1_36' title='bbox 1302 1110 1376 1155; x_wconf 80' lang='lat' dir='ltr'>vero</span> 
     </span>
     <span class='ocr_line' id='line_1_5' title="bbox 191 1194 1376 1283; baseline 0.003 -25"><span class='ocrx_word' id='word_1_37' title='bbox 191 1195 426 1277; x_wconf 84' lang='lat' dir='ltr'>neglegendum</span> <span class='ocrx_word' id='word_1_38' title='bbox 443 1199 549 1275; x_wconf 87' lang='lat' dir='ltr'>estet,</span> <span class='ocrx_word' id='word_1_39' title='bbox 574 1194 702 1280; x_wconf 88' lang='lat' dir='ltr'>quando</span> <span class='ocrx_word' id='word_1_40' title='bbox 727 1198 816 1260; x_wconf 88' lang='lat' dir='ltr'>ortus</span> <span class='ocrx_word' id='word_1_41' title='bbox 840 1195 890 1278; x_wconf 81' lang='lat' dir='ltr'>sit,</span> <span class='ocrx_word' id='word_1_42' title='bbox 917 1199 959 1277; x_wconf 86' lang='lat' dir='ltr'>et,</span> <span class='ocrx_word' id='word_1_43' title='bbox 985 1215 1068 1280; x_wconf 88' lang='lat' dir='ltr'>quae</span> <span class='ocrx_word' id='word_1_44' title='bbox 1092 1195 1294 1281; x_wconf 86' lang='lat' dir='ltr'>potissimum</span> <span class='ocrx_word' id='word_1_45' title='bbox 1318 1218 1376 1283; x_wconf 92' lang='lat' dir='ltr'>pro</span> 
     </span>
     <span class='ocr_line' id='line_1_6' title="bbox 191 1301 1377 1389; baseline 0.002 -22"><span class='ocrx_word' id='word_1_46' title='bbox 191 1305 263 1367; x_wconf 87' lang='lat' dir='ltr'>tota</span> <span class='ocrx_word' id='word_1_47' title='bbox 279 1303 350 1368; x_wconf 89' lang='lat' dir='ltr'>eius</span> <span class='ocrx_word' id='word_1_48' title='bbox 367 1303 492 1368; x_wconf 87' lang='lat' dir='ltr'>ratione</span> <span class='ocrx_word' id='word_1_49' title='bbox 508 1307 623 1389; x_wconf 76' lang='lat' dir='ltr'>poetae</span> <span class='ocrx_word' id='word_1_50' title='bbox 647 1301 792 1384; x_wconf 88' lang='lat' dir='ltr'>dicenda,</span> <span class='ocrx_word' id='word_1_51' title='bbox 818 1321 899 1388; x_wconf 89' lang='lat' dir='ltr'>quac</span> <span class='ocrx_word' id='word_1_52' title='bbox 923 1306 961 1368; x_wconf 87' lang='lat' dir='ltr'>ut</span> <span class='ocrx_word' id='word_1_53' title='bbox 976 1302 1017 1368; x_wconf 84' lang='lat' dir='ltr'>ad</span> <span class='ocrx_word' id='word_1_54' title='bbox 1038 1303 1237 1388; x_wconf 87' lang='lat' dir='ltr'>propositum</span> <span class='ocrx_word' id='word_1_55' title='bbox 1258 1303 1377 1369; x_wconf 80' lang='lat' dir='ltr'>leviora</span> 
     </span>
     <span class='ocr_line' id='line_1_7' title="bbox 190 1406 1374 1495; baseline 0.002 -21"><span class='ocrx_word' id='word_1_56' title='bbox 190 1414 247 1475; x_wconf 85' lang='lat' dir='ltr'>aut</span> <span class='ocrx_word' id='word_1_57' title='bbox 269 1408 556 1495; x_wconf 85' lang='lat' dir='ltr'>praetermittenda</span> <span class='ocrx_word' id='word_1_58' title='bbox 579 1412 637 1474; x_wconf 89' lang='lat' dir='ltr'>aut</span> <span class='ocrx_word' id='word_1_59' title='bbox 665 1407 884 1474; x_wconf 90' lang='lat' dir='ltr'>adumbranda</span> <span class='ocrx_word' id='word_1_60' title='bbox 906 1406 1001 1474; x_wconf 92' lang='lat' dir='ltr'>modo</span> <span class='ocrx_word' id='word_1_61' title='bbox 1024 1410 1153 1475; x_wconf 75' lang='lat' dir='ltr'>fuerint.</span> <span class='ocrx_word' id='word_1_62' title='bbox 1201 1408 1276 1475; x_wconf 85' lang='lat' dir='ltr'>Jam</span> <span class='ocrx_word' id='word_1_63' title='bbox 1302 1430 1374 1476; x_wconf 86' lang='lat' dir='ltr'>vero</span> 
     </span>
     <span class='ocr_line' id='line_1_8' title="bbox 189 1516 1377 1603; baseline 0 -21"><span class='ocrx_word' id='word_1_64' title='bbox 189 1516 229 1582; x_wconf 89' lang='lat' dir='ltr'>de</span> <span class='ocrx_word' id='word_1_65' title='bbox 253 1521 399 1602; x_wconf 87' lang='lat' dir='ltr'>tempore</span> <span class='ocrx_word' id='word_1_66' title='bbox 423 1516 506 1582; x_wconf 92' lang='lat' dir='ltr'>illud</span> <span class='ocrx_word' id='word_1_67' title='bbox 528 1535 614 1588; x_wconf 90' lang='lat' dir='ltr'>nunc</span> <span class='ocrx_word' id='word_1_68' title='bbox 635 1517 720 1583; x_wconf 89' lang='lat' dir='ltr'>inter</span> <span class='ocrx_word' id='word_1_69' title='bbox 742 1517 828 1582; x_wconf 84' lang='lat' dir='ltr'>viros</span> <span class='ocrx_word' id='word_1_70' title='bbox 852 1516 962 1581; x_wconf 89' lang='lat' dir='ltr'>doctos</span> <span class='ocrx_word' id='word_1_71' title='bbox 986 1517 1216 1603; x_wconf 86' lang='lat' dir='ltr'>propemodum</span> <span class='ocrx_word' id='word_1_72' title='bbox 1250 1521 1377 1582; x_wconf 88' lang='lat' dir='ltr'>constat</span> 
     </span>
     <span class='ocr_line' id='line_1_9' title="bbox 189 1623 1377 1710; baseline 0.001 -22"><span class='ocrx_word' id='word_1_73' title='bbox 189 1624 312 1689; x_wconf 87' lang='lat' dir='ltr'>factum</span> <span class='ocrx_word' id='word_1_74' title='bbox 337 1644 410 1690; x_wconf 89' lang='lat' dir='ltr'>esse</span> <span class='ocrx_word' id='word_1_75' title='bbox 433 1623 588 1710; x_wconf 84' lang='lat' dir='ltr'>hymnum</span> <span class='ocrx_word' id='word_1_76' title='bbox 605 1627 776 1710; x_wconf 88' lang='lat' dir='ltr'>antequam</span> <span class='ocrx_word' id='word_1_77' title='bbox 792 1623 953 1689; x_wconf 88' lang='lat' dir='ltr'>Eleusinii</span> <span class='ocrx_word' id='word_1_78' title='bbox 970 1623 1225 1690; x_wconf 73' lang='lat' dir='ltr'>Atheniensibus</span> <span class='ocrx_word' id='word_1_79' title='bbox 1241 1625 1377 1692; x_wconf 84' lang='lat' dir='ltr'>fuissent</span> 
     </span>
     <span class='ocr_line' id='line_1_10' title="bbox 190 1716 1375 1818; baseline 0.003 -23"><span class='ocrx_word' id='word_1_80' title='bbox 190 1730 313 1797; x_wconf 86' lang='lat' dir='ltr'>subditi</span> <span class='ocrx_word' id='word_1_81' title='bbox 338 1771 380 1779; x_wconf 93' lang='lat'>-</span> <span class='ocrx_word' id='word_1_82' title='bbox 403 1731 504 1797; x_wconf 89' lang='lat' dir='ltr'>fuisse</span> <span class='ocrx_word' id='word_1_83' title='bbox 528 1732 615 1797; x_wconf 90' lang='lat' dir='ltr'>euim</span> <span class='ocrx_word' id='word_1_84' title='bbox 640 1730 824 1797; x_wconf 86' lang='lat' dir='ltr'>Eleusinios</span> <span class='ocrx_word' id='word_1_85' title='bbox 856 1732 933 1796; x_wconf 89' lang='lat' dir='ltr'>olim</span> <span class='ocrx_word' id='word_1_86' title='bbox 965 1716 1155 1818; x_wconf 65' lang='grc' dir='ltr'><strong><em>αὐτονόμους</em></strong></span> <span class='ocrx_word' id='word_1_87' title='bbox 1183 1732 1249 1816; x_wconf 91' lang='lat' dir='ltr'>(sui</span> <span class='ocrx_word' id='word_1_88' title='bbox 1278 1732 1375 1818; x_wconf 90' lang='lat' dir='ltr'>iuris)</span> 
     </span>
     <span class='ocr_line' id='line_1_11' title="bbox 188 1837 1376 1927; baseline 0.001 -22"><span class='ocrx_word' id='word_1_89' title='bbox 188 1843 316 1925; x_wconf 86' lang='lat' dir='ltr'>praeter</span> <span class='ocrx_word' id='word_1_90' title='bbox 338 1838 464 1904; x_wconf 87' lang='lat' dir='ltr'>fabulas</span> <span class='ocrx_word' id='word_1_91' title='bbox 488 1839 528 1904; x_wconf 89' lang='lat' dir='ltr'>de</span> <span class='ocrx_word' id='word_1_92' title='bbox 552 1837 702 1924; x_wconf 87' lang='lat' dir='ltr'>Eumolpi</span> <span class='ocrx_word' id='word_1_93' title='bbox 731 1838 815 1905; x_wconf 90' lang='lat' dir='ltr'>bello</span> <span class='ocrx_word' id='word_1_94' title='bbox 845 1839 983 1922; x_wconf 82' lang='lat' dir='ltr'>vestigia</span> <span class='ocrx_word' id='word_1_95' title='bbox 1012 1838 1115 1905; x_wconf 85' lang='lat' dir='ltr'>multa</span> <span class='ocrx_word' id='word_1_96' title='bbox 1145 1845 1178 1906; x_wconf 89' lang='grc' dir='ltr'>θῖ</span> <span class='ocrx_word' id='word_1_97' title='bbox 1205 1840 1271 1906; x_wconf 85' lang='lat' dir='ltr'>alia</span> <span class='ocrx_word' id='word_1_98' title='bbox 1301 1861 1376 1927; x_wconf 92' lang='lat' dir='ltr'>pro-</span> 
     </span>
    </p>
   </div>
   <div class='ocr_carea' id='block_1_2' title="bbox 182 2053 1458 3763">
    <p class='ocr_par' dir='ltr' id='par_1_2' title="bbox 182 2053 1458 3763">
     <span class='ocr_line' id='line_1_12' title="bbox 188 2053 1375 2140; baseline 0.001 -22"><span class='ocrx_word' id='word_1_99' title='bbox 188 2055 254 2140; x_wconf 91' lang='lat' dir='ltr'>(vel</span> <span class='ocrx_word' id='word_1_100' title='bbox 278 2054 372 2139; x_wconf 74' lang='lat' dir='ltr'>sexi)</span> <span class='ocrx_word' id='word_1_101' title='bbox 398 2093 440 2102; x_wconf 89' lang='grc'>-</span> <span class='ocrx_word' id='word_1_102' title='bbox 463 2073 567 2139; x_wconf 87' lang='lat' dir='ltr'>neque</span> <span class='ocrx_word' id='word_1_103' title='bbox 593 2054 720 2118; x_wconf 91' lang='lat' dir='ltr'>omuino</span> <span class='ocrx_word' id='word_1_104' title='bbox 744 2054 866 2119; x_wconf 87' lang='lat' dir='ltr'>mentio</span> <span class='ocrx_word' id='word_1_105' title='bbox 890 2055 926 2118; x_wconf 91' lang='lat' dir='ltr'>fit</span> <span class='ocrx_word' id='word_1_106' title='bbox 949 2054 1205 2119; x_wconf 84' lang='lat' dir='ltr'>Atheniensium.</span> <span class='ocrx_word' id='word_1_107' title='bbox 1254 2053 1375 2131; x_wconf 80' lang='lat' dir='ltr'>Quodsi</span> 
     </span>
     <span class='ocr_line' id='line_1_13' title="bbox 188 2159 1372 2246; baseline 0.001 -20"><span class='ocrx_word' id='word_1_108' title='bbox 188 2162 245 2246; x_wconf 90' lang='lat' dir='ltr'>qui</span> <span class='ocrx_word' id='word_1_109' title='bbox 261 2159 433 2227; x_wconf 80' lang='lat' dir='ltr'>Erechthei</span> <span class='ocrx_word' id='word_1_110' title='bbox 449 2161 568 2227; x_wconf 89' lang='lat' dir='ltr'>bellum</span> <span class='ocrx_word' id='word_1_111' title='bbox 592 2181 663 2225; x_wconf 93' lang='lat' dir='ltr'>cum</span> <span class='ocrx_word' id='word_1_112' title='bbox 679 2160 839 2246; x_wconf 91' lang='lat' dir='ltr'>Eumolpo</span> <span class='ocrx_word' id='word_1_113' title='bbox 864 2164 993 2242; x_wconf 86' lang='lat' dir='ltr'>gestum</span> <span class='ocrx_word' id='word_1_114' title='bbox 1016 2161 1135 2226; x_wconf 84' lang='lat' dir='ltr'>inferre</span> <span class='ocrx_word' id='word_1_115' title='bbox 1158 2162 1262 2226; x_wconf 87' lang='lat' dir='ltr'>eonati</span> <span class='ocrx_word' id='word_1_116' title='bbox 1288 2167 1372 2241; x_wconf 89' lang='lat' dir='ltr'>sunt,</span> 
     </span>
     <span class='ocr_line' id='line_1_14' title="bbox 186 2267 1372 2354; baseline 0 -21"><span class='ocrx_word' id='word_1_117' title='bbox 186 2269 296 2354; x_wconf 89' lang='lat' dir='ltr'>potius</span> <span class='ocrx_word' id='word_1_118' title='bbox 331 2272 419 2334; x_wconf 90' lang='lat' dir='ltr'>totus</span> <span class='ocrx_word' id='word_1_119' title='bbox 454 2269 510 2334; x_wconf 94' lang='lat' dir='ltr'>ille</span> <span class='ocrx_word' id='word_1_120' title='bbox 544 2269 644 2350; x_wconf 90' lang='lat' dir='ltr'>locus,</span> <span class='ocrx_word' id='word_1_121' title='bbox 682 2289 776 2354; x_wconf 90' lang='lat' dir='ltr'>quem</span> <span class='ocrx_word' id='word_1_122' title='bbox 811 2268 871 2333; x_wconf 91' lang='lat' dir='ltr'>hoc</span> <span class='ocrx_word' id='word_1_123' title='bbox 900 2268 994 2334; x_wconf 93' lang='lat' dir='ltr'>modo</span> <span class='ocrx_word' id='word_1_124' title='bbox 1031 2288 1144 2334; x_wconf 86' lang='lat' dir='ltr'>sanare</span> <span class='ocrx_word' id='word_1_125' title='bbox 1173 2267 1372 2349; x_wconf 88' lang='lat' dir='ltr'>studuerunt,</span> 
     </span>
     <span class='ocr_line' id='line_1_15' title="bbox 186 2374 1392 2474; baseline 0 -33"><span class='ocrx_word' id='word_1_126' title='bbox 186 2377 316 2462; x_wconf 88' lang='lat' dir='ltr'>ineptus</span> <span class='ocrx_word' id='word_1_127' title='bbox 351 2375 479 2440; x_wconf 78' lang='lat' dir='ltr'>ridetur</span> <span class='ocrx_word' id='word_1_128' title='bbox 514 2379 610 2460; x_wconf 90' lang='lat' dir='ltr'>atque</span> <span class='ocrx_word' id='word_1_129' title='bbox 646 2376 775 2440; x_wconf 89' lang='lat' dir='ltr'>omnino</span> <span class='ocrx_word' id='word_1_130' title='bbox 812 2375 985 2441; x_wconf 88' lang='lat' dir='ltr'>eiciendus.</span> <span class='ocrx_word' id='word_1_131' title='bbox 1043 2374 1113 2452; x_wconf 83' lang='lat' dir='ltr'>Qua</span> <span class='ocrx_word' id='word_1_132' title='bbox 1147 2374 1186 2441; x_wconf 89' lang='lat' dir='ltr'>de</span> <span class='ocrx_word' id='word_1_133' title='bbox 1221 2395 1256 2440; x_wconf 93' lang='lat' dir='ltr'>re</span> <span class='ocrx_word' id='word_1_134' title='bbox 1290 2377 1392 2474; x_wconf 52' lang='lat' dir='ltr'>infra·</span> 
     </span>
     <span class='ocr_line' id='line_1_16' title="bbox 187 2481 1458 2577; baseline 0.001 -30"><span class='ocrx_word' id='word_1_135' title='bbox 187 2503 330 2564; x_wconf 83' lang='lat' dir='ltr'>agemus.</span> <span class='ocrx_word' id='word_1_136' title='bbox 367 2481 469 2548; x_wconf 85' lang='lat' dir='ltr'>Totus</span> <span class='ocrx_word' id='word_1_137' title='bbox 487 2483 688 2568; x_wconf 83' lang='lat' dir='ltr'>rerohymni</span> <span class='ocrx_word' id='word_1_138' title='bbox 707 2487 799 2549; x_wconf 85' lang='lat' dir='ltr'>tenor</span> <span class='ocrx_word' id='word_1_139' title='bbox 822 2487 855 2549; x_wconf 89' lang='lat' dir='ltr'>et</span> <span class='ocrx_word' id='word_1_140' title='bbox 878 2487 1046 2573; x_wconf 75' lang='lat' dir='ltr'>auctorem</span> <span class='ocrx_word' id='word_1_141' title='bbox 1048 2483 1261 2565; x_wconf 73' lang='lat' dir='ltr'>Eleusiniam</span> <span class='ocrx_word' id='word_1_142' title='bbox 1285 2504 1373 2550; x_wconf 90' lang='lat' dir='ltr'>coar·</span> <span class='ocrx_word' id='word_1_143' title='bbox 1437 2515 1458 2577; x_wconf 66' lang='lat' dir='ltr'>a,</span> 
     </span>
     <span class='ocr_line' id='line_1_17' title="bbox 187 2588 1370 2678; baseline -0.002 -21"><span class='ocrx_word' id='word_1_144' title='bbox 187 2591 257 2672; x_wconf 81' lang='lat' dir='ltr'>guit</span> <span class='ocrx_word' id='word_1_145' title='bbox 286 2595 318 2657; x_wconf 94' lang='lat' dir='ltr'>et</span> <span class='ocrx_word' id='word_1_146' title='bbox 348 2594 477 2676; x_wconf 84' lang='lat' dir='ltr'>tempus</span> <span class='ocrx_word' id='word_1_147' title='bbox 506 2590 626 2656; x_wconf 91' lang='lat' dir='ltr'>bellum</span> <span class='ocrx_word' id='word_1_148' title='bbox 654 2589 735 2655; x_wconf 93' lang='lat' dir='ltr'>illud</span> <span class='ocrx_word' id='word_1_149' title='bbox 763 2588 1021 2677; x_wconf 77' lang='lat' dir='ltr'>antecedens.³⁹)</span> <span class='ocrx_word' id='word_1_150' title='bbox 1068 2588 1140 2657; x_wconf 90' lang='lat' dir='ltr'>Hoc</span> <span class='ocrx_word' id='word_1_151' title='bbox 1162 2611 1237 2657; x_wconf 89' lang='lat' dir='ltr'>vero</span> <span class='ocrx_word' id='word_1_152' title='bbox 1265 2591 1370 2678; x_wconf 90' lang='lat' dir='ltr'>ipsum</span> 
     </span>
     <span class='ocr_line' id='line_1_18' title="bbox 186 2698 1371 2786; baseline -0.001 -22"><span class='ocrx_word' id='word_1_153' title='bbox 186 2698 312 2783; x_wconf 86' lang='lat' dir='ltr'>quaudo</span> <span class='ocrx_word' id='word_1_154' title='bbox 347 2703 475 2781; x_wconf 85' lang='lat' dir='ltr'>gestum</span> <span class='ocrx_word' id='word_1_155' title='bbox 511 2698 562 2780; x_wconf 91' lang='lat' dir='ltr'>sit,</span> <span class='ocrx_word' id='word_1_156' title='bbox 599 2699 778 2764; x_wconf 88' lang='lat' dir='ltr'>accuratius</span> <span class='ocrx_word' id='word_1_157' title='bbox 813 2699 940 2765; x_wconf 86' lang='lat' dir='ltr'>definiri</span> <span class='ocrx_word' id='word_1_158' title='bbox 973 2719 1036 2764; x_wconf 89' lang='lat' dir='ltr'>non</span> <span class='ocrx_word' id='word_1_159' title='bbox 1070 2704 1190 2786; x_wconf 87' lang='lat' dir='ltr'>potest.</span> <span class='ocrx_word' id='word_1_160' title='bbox 1242 2698 1371 2766; x_wconf 81' lang='lat' dir='ltr'>Certum</span> 
     </span>
     <span class='ocr_line' id='line_1_19' title="bbox 185 2804 1373 2890; baseline -0.003 -16"><span class='ocrx_word' id='word_1_161' title='bbox 185 2813 294 2874; x_wconf 87' lang='lat' dir='ltr'>temen</span> <span class='ocrx_word' id='word_1_162' title='bbox 324 2811 374 2872; x_wconf 89' lang='lat' dir='ltr'>est</span> <span class='ocrx_word' id='word_1_163' title='bbox 402 2810 530 2890; x_wconf 86' lang='lat' dir='ltr'>gestum</span> <span class='ocrx_word' id='word_1_164' title='bbox 559 2811 633 2871; x_wconf 88' lang='lat' dir='ltr'>ante</span> <span class='ocrx_word' id='word_1_165' title='bbox 670 2805 795 2872; x_wconf 86' lang='lat' dir='ltr'>Solonis</span> <span class='ocrx_word' id='word_1_166' title='bbox 825 2826 896 2870; x_wconf 92' lang='lat' dir='ltr'>cum</span> <span class='ocrx_word' id='word_1_167' title='bbox 920 2804 1163 2887; x_wconf 86' lang='lat' dir='ltr'>Megarensibus</span> <span class='ocrx_word' id='word_1_168' title='bbox 1192 2805 1311 2872; x_wconf 89' lang='lat' dir='ltr'>beMum</span> <span class='ocrx_word' id='word_1_169' title='bbox 1341 2811 1373 2871; x_wconf 90' lang='lat' dir='ltr'>et</span> 
     </span>
     <span class='ocr_line' id='line_1_20' title="bbox 185 2911 1370 2999; baseline -0.002 -18"><span class='ocrx_word' id='word_1_170' title='bbox 185 2915 258 2981; x_wconf 87' lang='lat' dir='ltr'>aliis</span> <span class='ocrx_word' id='word_1_171' title='bbox 281 2914 460 2980; x_wconf 86' lang='lat' dir='ltr'>rationibus</span> <span class='ocrx_word' id='word_1_172' title='bbox 484 2916 517 2978; x_wconf 87' lang='lat' dir='ltr'>et</span> <span class='ocrx_word' id='word_1_173' title='bbox 540 2933 581 2977; x_wconf 87' lang='lat' dir='ltr'>err</span> <span class='ocrx_word' id='word_1_174' title='bbox 603 2932 735 2997; x_wconf 91' lang='lat' dir='ltr'>prorsus</span> <span class='ocrx_word' id='word_1_175' title='bbox 758 2912 883 2978; x_wconf 87' lang='lat' dir='ltr'>diverso</span> <span class='ocrx_word' id='word_1_176' title='bbox 906 2911 1012 2995; x_wconf 93' lang='lat' dir='ltr'>modo,</span> <span class='ocrx_word' id='word_1_177' title='bbox 1037 2932 1099 2999; x_wconf 93' lang='lat' dir='ltr'>quo</span> <span class='ocrx_word' id='word_1_178' title='bbox 1123 2915 1296 2998; x_wconf 87' lang='lat' dir='ltr'>utrumque</span> <span class='ocrx_word' id='word_1_179' title='bbox 1319 2918 1370 2979; x_wconf 90' lang='grc' dir='ltr'>θεῖ</span> 
     </span>
     <span class='ocr_line' id='line_1_21' title="bbox 183 3017 1371 3103; baseline -0.003 -16"><span class='ocrx_word' id='word_1_180' title='bbox 183 3021 355 3087; x_wconf 86' lang='lat' dir='ltr'>traditum:</span> <span class='ocrx_word' id='word_1_181' title='bbox 380 3017 579 3101; x_wconf 84' lang='lat' dir='ltr'>Megaricum</span> <span class='ocrx_word' id='word_1_182' title='bbox 603 3017 722 3084; x_wconf 89' lang='lat' dir='ltr'>bellum</span> <span class='ocrx_word' id='word_1_183' title='bbox 746 3019 894 3103; x_wconf 86' lang='lat' dir='ltr'>quamvis</span> <span class='ocrx_word' id='word_1_184' title='bbox 927 3019 1051 3085; x_wconf 88' lang='lat' dir='ltr'>incerta</span> <span class='ocrx_word' id='word_1_185' title='bbox 1078 3019 1246 3084; x_wconf 81' lang='lat' dir='ltr'>etiamtum</span> <span class='ocrx_word' id='word_1_186' title='bbox 1269 3018 1371 3084; x_wconf 90' lang='lat' dir='ltr'>histo-</span> 
     </span>
     <span class='ocr_line' id='line_1_22' title="bbox 184 3123 1370 3209; baseline -0.001 -15"><span class='ocrx_word' id='word_1_187' title='bbox 184 3130 251 3195; x_wconf 86' lang='lat' dir='ltr'>riae</span> <span class='ocrx_word' id='word_1_188' title='bbox 274 3128 346 3194; x_wconf 84' lang='lat' dir='ltr'>luce</span> <span class='ocrx_word' id='word_1_189' title='bbox 370 3127 602 3209; x_wconf 81' lang='lat' dir='ltr'>collustratum,</span> <span class='ocrx_word' id='word_1_190' title='bbox 626 3123 831 3192; x_wconf 79' lang='lat' dir='ltr'>Eleusiniam</span> <span class='ocrx_word' id='word_1_191' title='bbox 854 3129 957 3192; x_wconf 90' lang='lat' dir='ltr'>totum</span> <span class='ocrx_word' id='word_1_192' title='bbox 982 3126 1102 3192; x_wconf 86' lang='lat' dir='ltr'>fabulis</span> <span class='ocrx_word' id='word_1_193' title='bbox 1127 3127 1285 3193; x_wconf 87' lang='lat' dir='ltr'>obtectum</span> <span class='ocrx_word' id='word_1_194' title='bbox 1311 3129 1370 3193; x_wconf 87' lang='lat' dir='ltr'>cst.</span> 
     </span>
     <span class='ocr_line' id='line_1_23' title="bbox 183 3233 1371 3323; baseline -0.003 -21"><span class='ocrx_word' id='word_1_195' title='bbox 183 3235 252 3302; x_wconf 90' lang='lat' dir='ltr'>Nec</span> <span class='ocrx_word' id='word_1_196' title='bbox 274 3241 384 3301; x_wconf 85' lang='lat' dir='ltr'>tamen</span> <span class='ocrx_word' id='word_1_197' title='bbox 406 3234 501 3300; x_wconf 90' lang='lat' dir='ltr'>nimis</span> <span class='ocrx_word' id='word_1_198' title='bbox 524 3234 656 3318; x_wconf 87' lang='lat' dir='ltr'>longum</span> <span class='ocrx_word' id='word_1_199' title='bbox 680 3233 823 3323; x_wconf 89' lang='lat' dir='ltr'>spatium</span> <span class='ocrx_word' id='word_1_200' title='bbox 845 3233 896 3299; x_wconf 91' lang='lat' dir='ltr'>his</span> <span class='ocrx_word' id='word_1_201' title='bbox 919 3233 1013 3300; x_wconf 90' lang='lat' dir='ltr'>bellis</span> <span class='ocrx_word' id='word_1_202' title='bbox 1038 3234 1241 3300; x_wconf 85' lang='lat' dir='ltr'>interiectum</span> <span class='ocrx_word' id='word_1_203' title='bbox 1269 3235 1371 3300; x_wconf 84' lang='lat' dir='ltr'>fuisse</span> 
     </span>
     <span class='ocr_line' id='line_1_24' title="bbox 183 3340 1371 3427; baseline -0.003 -19"><span class='ocrx_word' id='word_1_204' title='bbox 183 3345 251 3410; x_wconf 83' lang='lat' dir='ltr'>veri</span> <span class='ocrx_word' id='word_1_205' title='bbox 274 3343 379 3409; x_wconf 90' lang='lat' dir='ltr'>simile</span> <span class='ocrx_word' id='word_1_206' title='bbox 403 3346 466 3409; x_wconf 87' lang='lat' dir='ltr'>est:</span> <span class='ocrx_word' id='word_1_207' title='bbox 502 3340 629 3408; x_wconf 89' lang='lat' dir='ltr'>Eleusis</span> <span class='ocrx_word' id='word_1_208' title='bbox 652 3345 748 3427; x_wconf 86' lang='lat' dir='ltr'>capta</span> <span class='ocrx_word' id='word_1_209' title='bbox 770 3341 986 3407; x_wconf 84' lang='lat' dir='ltr'>Athenienses</span> <span class='ocrx_word' id='word_1_210' title='bbox 1014 3340 1252 3424; x_wconf 84' lang='lat' dir='ltr'>Megarensium</span> <span class='ocrx_word' id='word_1_211' title='bbox 1275 3340 1371 3406; x_wconf 89' lang='lat' dir='ltr'>finiti-</span> 
     </span>
     <span class='ocr_line' id='line_1_25' title="bbox 183 3447 1369 3531; baseline -0.003 -15"><span class='ocrx_word' id='word_1_212' title='bbox 183 3471 253 3517; x_wconf 90' lang='lat' dir='ltr'>mos</span> <span class='ocrx_word' id='word_1_213' title='bbox 287 3450 439 3531; x_wconf 89' lang='lat' dir='ltr'>reddidit,</span> <span class='ocrx_word' id='word_1_214' title='bbox 476 3452 510 3514; x_wconf 88' lang='lat' dir='ltr'>et</span> <span class='ocrx_word' id='word_1_215' title='bbox 544 3487 586 3497; x_wconf 97' lang='lat'><em>-</em></span> <span class='ocrx_word' id='word_1_216' title='bbox 622 3453 698 3513; x_wconf 91' lang='lat' dir='ltr'>sunt</span> <span class='ocrx_word' id='word_1_217' title='bbox 733 3449 817 3514; x_wconf 89' lang='lat' dir='ltr'>enim</span> <span class='ocrx_word' id='word_1_218' title='bbox 853 3447 990 3530; x_wconf 85' lang='lat' dir='ltr'>vestigia</span> <span class='ocrx_word' id='word_1_219' title='bbox 1024 3448 1170 3514; x_wconf 86' lang='lat' dir='ltr'>arctioris</span> <span class='ocrx_word' id='word_1_220' title='bbox 1205 3448 1369 3514; x_wconf 86' lang='lat' dir='ltr'>cuiusdam</span> 
     </span>
     <span class='ocr_line' id='line_1_26' title="bbox 182 3553 1372 3643; baseline -0.002 -21"><span class='ocrx_word' id='word_1_221' title='bbox 182 3557 419 3640; x_wconf 83' lang='lat' dir='ltr'>Megarensium</span> <span class='ocrx_word' id='word_1_222' title='bbox 449 3575 520 3621; x_wconf 91' lang='lat' dir='ltr'>cum</span> <span class='ocrx_word' id='word_1_223' title='bbox 545 3553 721 3620; x_wconf 89' lang='lat' dir='ltr'>Eleusiniis</span> <span class='ocrx_word' id='word_1_224' title='bbox 750 3553 1031 3640; x_wconf 82' lang='lat' dir='ltr'>coniunctionis40)</span> <span class='ocrx_word' id='word_1_225' title='bbox 1056 3592 1100 3602; x_wconf 99' lang='lat'>—</span> <span class='ocrx_word' id='word_1_226' title='bbox 1128 3554 1220 3621; x_wconf 83' lang='lat' dir='ltr'>facile</span> <span class='ocrx_word' id='word_1_227' title='bbox 1243 3554 1294 3623; x_wconf 85' lang='lat' dir='ltr'>vel</span> <span class='ocrx_word' id='word_1_228' title='bbox 1323 3556 1372 3643; x_wconf 92' lang='lat' dir='ltr'>ip-</span> 
     </span>
     <span class='ocr_line' id='line_1_27' title="bbox 185 3649 1369 3763; baseline -0.001 -33"><span class='ocrx_word' id='word_1_229' title='bbox 185 3665 251 3732; x_wconf 87' lang='lat' dir='ltr'>sius</span> <span class='ocrx_word' id='word_1_230' title='bbox 282 3663 358 3731; x_wconf 90' lang='lat' dir='ltr'>belli</span> <span class='ocrx_word' id='word_1_231' title='bbox 387 3683 484 3728; x_wconf 85' lang='lat' dir='ltr'>causa</span> <span class='ocrx_word' id='word_1_232' title='bbox 513 3667 570 3728; x_wconf 86' lang='lat' dir='ltr'>eut</span> <span class='ocrx_word' id='word_1_233' title='bbox 598 3649 689 3744; x_wconf 83' lang='lat' dir='ltr'>origo</span> <span class='ocrx_word' id='word_1_234' title='bbox 715 3661 821 3727; x_wconf 78' lang='lat' dir='ltr'>fuerit.</span> <span class='ocrx_word' id='word_1_235' title='bbox 876 3659 926 3727; x_wconf 91' lang='lat' dir='ltr'>Sit</span> <span class='ocrx_word' id='word_1_236' title='bbox 953 3663 1054 3745; x_wconf 86' lang='lat' dir='ltr'>igitur</span> <span class='ocrx_word' id='word_1_237' title='bbox 1081 3661 1236 3728; x_wconf 84' lang='lat' dir='ltr'>bellatum</span> <span class='ocrx_word' id='word_1_238' title='bbox 1262 3662 1369 3763; x_wconf 86' lang='lat' dir='ltr'>medio</span> 
     </span>
    </p>
   </div>
   <div class='ocr_carea' id='block_1_3' title="bbox 183 3857 1369 4285">
    <p class='ocr_par' dir='ltr' id='par_1_3' title="bbox 183 3857 1369 4285">
     <span class='ocr_line' id='line_1_28' title="bbox 185 3857 1369 3935; baseline 0 -18"><span class='ocrx_word' id='word_1_239' title='bbox 185 3863 299 3935; x_wconf 79' lang='grc' dir='ltr'><strong><em>Βορέης.</em></strong></span> <span class='ocrx_word' id='word_1_240' title='bbox 319 3889 353 3900; x_wconf 92' lang='grc'>-</span> <span class='ocrx_word' id='word_1_241' title='bbox 373 3857 408 3928; x_wconf 79' lang='lat'>³⁸)</span> <span class='ocrx_word' id='word_1_242' title='bbox 428 3861 501 3926; x_wconf 85' lang='lat' dir='ltr'>Quae</span> <span class='ocrx_word' id='word_1_243' title='bbox 522 3888 556 3898; x_wconf 89' lang='lat'><em>-</em></span> <span class='ocrx_word' id='word_1_244' title='bbox 576 3862 637 3929; x_wconf 87' lang='lat' dir='ltr'>plus</span> <span class='ocrx_word' id='word_1_245' title='bbox 656 3863 744 3915; x_wconf 90' lang='lat' dir='ltr'>minus</span> <span class='ocrx_word' id='word_1_246' title='bbox 764 3865 835 3915; x_wconf 86' lang='lat' dir='ltr'>certa</span> <span class='ocrx_word' id='word_1_247' title='bbox 854 3888 888 3897; x_wconf 90' lang='lat'><em>—</em></span> <span class='ocrx_word' id='word_1_248' title='bbox 908 3861 1049 3930; x_wconf 80' lang='lat' dir='ltr'>diligenter</span> <span class='ocrx_word' id='word_1_249' title='bbox 1067 3861 1174 3929; x_wconf 82' lang='lat' dir='ltr'>collegit</span> <span class='ocrx_word' id='word_1_250' title='bbox 1192 3862 1223 3915; x_wconf 92' lang='lat' dir='ltr'>B.</span> <span class='ocrx_word' id='word_1_251' title='bbox 1237 3860 1369 3929; x_wconf 85' lang='lat' dir='ltr'>Gisclre,</span> 
     </span>
     <span class='ocr_line' id='line_1_29' title="bbox 183 3946 1368 4022; baseline 0 -16"><span class='ocrx_word' id='word_1_252' title='bbox 183 3953 496 4022; x_wconf 80' lang='lat' dir='ltr'>thralisch·pelasgische</span> <span class='ocrx_word' id='word_1_253' title='bbox 509 3950 625 4005; x_wconf 77' lang='lat' dir='ltr'>Stimme</span> <span class='ocrx_word' id='word_1_254' title='bbox 639 3954 688 4004; x_wconf 86' lang='lat' dir='ltr'>etc.</span> <span class='ocrx_word' id='word_1_255' title='bbox 706 3968 734 4020; x_wconf 91' lang='lat' dir='ltr'>p.</span> <span class='ocrx_word' id='word_1_256' title='bbox 747 3946 813 4018; x_wconf 79' lang='lat' dir='ltr'>43l5</span> <span class='ocrx_word' id='word_1_257' title='bbox 828 3977 861 3986; x_wconf 93' lang='lat'>-</span> <span class='ocrx_word' id='word_1_258' title='bbox 876 3953 907 4003; x_wconf 82' lang='lat' dir='ltr'>ef.</span> <span class='ocrx_word' id='word_1_259' title='bbox 921 3950 955 4005; x_wconf 82' lang='lat' dir='ltr'>ad</span> <span class='ocrx_word' id='word_1_260' title='bbox 972 3954 1058 4004; x_wconf 90' lang='lat' dir='ltr'>totum</span> <span class='ocrx_word' id='word_1_261' title='bbox 1076 3951 1164 4003; x_wconf 91' lang='lat' dir='ltr'>locum</span> <span class='ocrx_word' id='word_1_262' title='bbox 1177 3951 1209 4004; x_wconf 92' lang='lat' dir='ltr'>U.</span> <span class='ocrx_word' id='word_1_263' title='bbox 1223 3951 1249 4005; x_wconf 92' lang='lat' dir='ltr'>d.</span> <span class='ocrx_word' id='word_1_264' title='bbox 1262 3954 1368 4006; x_wconf 82' lang='lat' dir='ltr'>wila-</span> 
     </span>
     <span class='ocr_line' id='line_1_30' title="bbox 183 4033 1368 4109; baseline -0.002 -12"><span class='ocrx_word' id='word_1_265' title='bbox 183 4041 588 4108; x_wconf 83' lang='lat' dir='ltr'>mowita-Moellendorfi,</span> <span class='ocrx_word' id='word_1_266' title='bbox 621 4040 678 4094; x_wconf 79' lang='lat' dir='ltr'>hus</span> <span class='ocrx_word' id='word_1_267' title='bbox 696 4041 838 4108; x_wconf 80' lang='lat' dir='ltr'>Kydethen</span> <span class='ocrx_word' id='word_1_268' title='bbox 866 4058 892 4109; x_wconf 95' lang='lat' dir='ltr'>p.</span> <span class='ocrx_word' id='word_1_269' title='bbox 914 4041 973 4094; x_wconf 77' lang='lat'>124.</span> <span class='ocrx_word' id='word_1_270' title='bbox 1000 4065 1034 4076; x_wconf 92' lang='lat'>-</span> <span class='ocrx_word' id='word_1_271' title='bbox 1063 4033 1149 4105; x_wconf 66' lang='grc' dir='ltr'>39)Π.</span> <span class='ocrx_word' id='word_1_272' title='bbox 1169 4040 1194 4094; x_wconf 92' lang='lat' dir='ltr'>d.</span> <span class='ocrx_word' id='word_1_273' title='bbox 1213 4042 1368 4095; x_wconf 81' lang='lat' dir='ltr'>Wilsmc·</span> 
     </span>
     <span class='ocr_line' id='line_1_31' title="bbox 183 4130 1368 4199; baseline -0.004 -13"><span class='ocrx_word' id='word_1_274' title='bbox 183 4136 256 4187; x_wconf 85' lang='lat' dir='ltr'>wita</span> <span class='ocrx_word' id='word_1_275' title='bbox 276 4133 293 4185; x_wconf 94' lang='lat' dir='ltr'>l.</span> <span class='ocrx_word' id='word_1_276' title='bbox 313 4134 332 4184; x_wconf 90' lang='lat' dir='ltr'>l.</span> <span class='ocrx_word' id='word_1_277' title='bbox 351 4148 377 4199; x_wconf 92' lang='lat' dir='ltr'>p.</span> <span class='ocrx_word' id='word_1_278' title='bbox 400 4130 450 4184; x_wconf 80' lang='lat'>125</span> <span class='ocrx_word' id='word_1_279' title='bbox 481 4130 562 4194; x_wconf 87' lang='lat' dir='ltr'>,Hier</span> <span class='ocrx_word' id='word_1_280' title='bbox 583 4131 627 4183; x_wconf 87' lang='lat' dir='ltr'>ein</span> <span class='ocrx_word' id='word_1_281' title='bbox 656 4130 818 4183; x_wconf 80' lang='lat' dir='ltr'>hriustliches</span> <span class='ocrx_word' id='word_1_282' title='bbox 838 4130 1089 4184; x_wconf 82' lang='lat' dir='ltr'>Zurrielrsohrauben</span> <span class='ocrx_word' id='word_1_283' title='bbox 1109 4130 1155 4183; x_wconf 89' lang='lat' dir='ltr'>der</span> <span class='ocrx_word' id='word_1_284' title='bbox 1172 4131 1321 4198; x_wconf 72' lang='lat' dir='ltr'>Erzihlung</span> <span class='ocrx_word' id='word_1_285' title='bbox 1339 4130 1368 4182; x_wconf 90' lang='lat' dir='ltr'>in</span> 
     </span>
     <span class='ocr_line' id='line_1_32' title="bbox 183 4219 1367 4285; baseline -0.005 -9"><span class='ocrx_word' id='word_1_286' title='bbox 183 4221 362 4276; x_wconf 84' lang='lat' dir='ltr'>verschollone</span> <span class='ocrx_word' id='word_1_287' title='bbox 382 4222 476 4274; x_wconf 88' lang='lat' dir='ltr'>Zeiten</span> <span class='ocrx_word' id='word_1_288' title='bbox 494 4219 550 4273; x_wconf 91' lang='lat' dir='ltr'>und</span> <span class='ocrx_word' id='word_1_289' title='bbox 576 4220 770 4274; x_wconf 82' lang='lat' dir='ltr'>irbcrwurrdene</span> <span class='ocrx_word' id='word_1_290' title='bbox 790 4220 972 4273; x_wconf 76' lang='lat' dir='ltr'>Verhiltnissc</span> <span class='ocrx_word' id='word_1_291' title='bbox 999 4220 1190 4285; x_wconf 81' lang='lat' dir='ltr'>unzunehmen,</span> <span class='ocrx_word' id='word_1_292' title='bbox 1218 4220 1253 4273; x_wconf 84' lang='lat' dir='ltr'>ist</span> <span class='ocrx_word' id='word_1_293' title='bbox 1280 4219 1367 4272; x_wconf 85' lang='lat' dir='ltr'>nichts</span> 
     </span>
    </p>
   </div>
   <div class='ocr_carea' id='block_1_4' title="bbox 93 4305 1367 4468">
    <p class='ocr_par' dir='ltr' id='par_1_4' title="bbox 93 4305 1367 4468">
     <span class='ocr_line' id='line_1_33' title="bbox 93 4305 1366 4394; baseline -0.006 -26"><span class='ocrx_word' id='word_1_294' title='bbox 93 4327 95 4329; x_wconf 63' lang='lat'><em>&#39;</em></span> <span class='ocrx_word' id='word_1_295' title='bbox 183 4315 223 4368; x_wconf 81' lang='lat' dir='ltr'>als</span> <span class='ocrx_word' id='word_1_296' title='bbox 242 4315 302 4367; x_wconf 87' lang='lat' dir='ltr'>eino</span> <span class='ocrx_word' id='word_1_297' title='bbox 323 4311 647 4379; x_wconf 78' lang='lat' dir='ltr'>Verlegenheitsausrede,</span> <span class='ocrx_word' id='word_1_298' title='bbox 675 4312 724 4364; x_wconf 88' lang='lat' dir='ltr'>mit</span> <span class='ocrx_word' id='word_1_299' title='bbox 752 4310 799 4362; x_wconf 89' lang='lat' dir='ltr'>der</span> <span class='ocrx_word' id='word_1_300' title='bbox 818 4326 845 4363; x_wconf 88' lang='lat' dir='ltr'>es</span> <span class='ocrx_word' id='word_1_301' title='bbox 865 4310 921 4363; x_wconf 87' lang='lat' dir='ltr'>sich</span> <span class='ocrx_word' id='word_1_302' title='bbox 940 4311 1015 4363; x_wconf 87' lang='lat' dir='ltr'>nicht</span> <span class='ocrx_word' id='word_1_303' title='bbox 1033 4310 1156 4363; x_wconf 84' lang='lat' dir='ltr'>verlohnt</span> <span class='ocrx_word' id='word_1_304' title='bbox 1173 4325 1206 4361; x_wconf 87' lang='lat' dir='ltr'>zu</span> <span class='ocrx_word' id='word_1_305' title='bbox 1224 4305 1366 4394; x_wconf 50' lang='grc' dir='ltr'>τθθῖιιθε.ιι</span> 
     </span>
     <span class='ocr_line' id='line_1_34' title="bbox 182 4391 1367 4468; baseline -0.006 -10"><span class='ocrx_word' id='word_1_306' title='bbox 182 4398 217 4468; x_wconf 90' lang='lat'>⁴⁰)</span> <span class='ocrx_word' id='word_1_307' title='bbox 237 4404 319 4458; x_wconf 88' lang='lat' dir='ltr'>Velut</span> <span class='ocrx_word' id='word_1_308' title='bbox 338 4398 456 4454; x_wconf 82' lang='lat' dir='ltr'>Diocles!</span> <span class='ocrx_word' id='word_1_309' title='bbox 476 4415 500 4451; x_wconf 86' lang='lat' dir='ltr'>r.</span> <span class='ocrx_word' id='word_1_310' title='bbox 520 4399 597 4453; x_wconf 83' lang='lat' dir='ltr'>inira.</span> <span class='ocrx_word' id='word_1_311' title='bbox 609 4394 689 4466; x_wconf 79' lang='lat'>—⁴¹)</span> <span class='ocrx_word' id='word_1_312' title='bbox 708 4400 787 4453; x_wconf 83' lang='lat' dir='ltr'>Paus.</span> <span class='ocrx_word' id='word_1_313' title='bbox 806 4399 827 4467; x_wconf 95' lang='lat' dir='ltr'>I,</span> <span class='ocrx_word' id='word_1_314' title='bbox 848 4399 891 4453; x_wconf 81' lang='lat'>38.</span> <span class='ocrx_word' id='word_1_315' title='bbox 903 4399 929 4453; x_wconf 80' lang='lat'>2.</span> <span class='ocrx_word' id='word_1_316' title='bbox 939 4398 965 4451; x_wconf 85' lang='lat'>3.</span> <span class='ocrx_word' id='word_1_317' title='bbox 977 4425 1010 4436; x_wconf 88' lang='lat'>·-</span> <span class='ocrx_word' id='word_1_318' title='bbox 1025 4391 1061 4465; x_wconf 73' lang='lat'>⁴²)</span> <span class='ocrx_word' id='word_1_319' title='bbox 1080 4398 1367 4452; x_wconf 86' lang='lat' dir='ltr'>U.d.Wilamowitz</span> 
     </span>
    </p>
   </div>
   <div class='ocr_carea' id='block_1_5' title="bbox 0 0 1572 5078">
    <p class='ocr_par' dir='ltr' id='par_1_5' title="bbox 0 0 1572 5078">
     <span class='ocr_line' id='line_1_35' title="bbox 0 0 1572 5078; baseline 0 3"><span class='ocrx_word' id='word_1_320' title='bbox 0 0 1572 5078; x_wconf 95' lang='lat' dir='ltr'> </span> 
     </span>
    </p>
   </div>
  </div>
 </body>
</html>
