3136 5078
757 315 798 378 83

275 513 400 591 Quibus
424 512 574 578 omnibus
598 511 745 592 vestigiis
769 508 911 576 collectis
934 508 994 574 hoc
1017 513 1103 574 certe
1127 508 1266 574 efficitur
1288 508 1371 575 Rhe-

185 642 259 687 sum
282 625 316 686 et
338 619 490 704 Thraciae
514 623 547 685 et
570 617 703 699 Troadis
728 621 825 703 atque
849 616 1020 702 Bithyniae
1043 616 1163 682 fabulis
1187 636 1367 683 connexum

184 729 297 794 fuisse.
346 726 449 809 Quod,
474 747 549 792 cum
573 726 612 792 ab
637 726 718 811 ipsis
732 723 909 791 Thracibus
933 743 1007 789 eum
1031 724 1155 810 cultum
1178 723 1370 811 fabulaeque
1396 791 1397 794 ,

185 837 339 919 originem
375 856 449 903 vere
490 834 658 919 Thraciam
693 853 765 901 esse
800 833 991 916 viderimus,
1035 834 1156 920 optime
1191 834 1238 898 ita
1273 835 1371 899 inter-

184 944 672 1031 111111111,1111111
664 941 841 1024 Thracibus
862 941 920 1030 Β11
906 941 1015 1028 thypis
1039 942 1105 1013 illis
1130 947 1164 1020 11
1193 941 1370 1027 Thynisin
1336 964 1376 1023 m,

184 1052 306 1146 Asiam
309 1051 547 1136 migrantibus
582 1050 724 1136 fabulam
758 1021 895 1116 translat
881 1053 948 1141 tam
973 1069 1055 1149 esse
1087 1048 1273 1116 iudicemus.
1320 1052 1369 1117 Ac

185 1140 261 1225 fecit
284 1134 428 1226 Rhesum
450 1147 798 1245 Appianus3¹⁷)-
835 1158 863 1223 si
898 1140 1096 1235 coniectura,
1134 1158 1251 1223 saltem
1263 1159 1370 1225 haud

185 1268 366 1352 inepte-
320 1265 603 1351 -Bithynorum
630 1266 759 1332 illorum
787 1264 910 1332 ducem.
959 1265 1162 1351 Quamquam
1189 1268 1310 1333 morari
1337 1270 1371 1334 in

184 1374 282 1440 huius
305 1375 487 1440 narratione
510 1374 600 1456 nolo,
630 1394 713 1460 quae
736 1373 891 1459 Bithynos
920 1374 953 1438 in
976 1373 1057 1439 Asia
1085 1373 1269 1440 habitantes
1297 1393 1369 1440 cum

185 1481 284 1548 Rhesi
308 1481 514 1568 expeditione
537 1483 570 1547 in
587 1480 716 1548 Troiam
738 1482 826 1547 facta
848 1486 882 1548 et
906 1482 1002 1547 simul
1017 1501 1091 1546 oum
1107 1480 1228 1566 Thynis
1245 1479 1370 1568 Salmy-

186 1588 318 1654 dessum
340 1590 526 1657 tenentibus
550 1591 744 1671 coniungere
768 1592 904 1655 conatur
926 1593 960 1654 et
982 1589 1053 1674 ipsa
1068 1608 1127 1674 per
1144 1609 1178 1655 se
1195 1609 1259 1655 non
1275 1591 1370 1655 multi

185 1699 237 1762 est
260 1696 469 1763 aestimanda.
510 1695 598 1764 Satis
613 1696 695 1761 mihi
710 1701 760 1762 est
775 1695 1010 1763 demonstrasse
1032 1695 1175 1761 Rhesum
1197 1698 1263 1762 iam
1283 1698 1370 1784 apud

185 1807 309 1871 veteres
333 1825 406 1871 cum
428 1803 638 1889 Bithynorum
661 1805 853 1887 migratione
875 1805 978 1871 fuisse
1002 1805 1216 1870 coniunctum.

276 2100 345 2166 lam
390 2120 464 2165 sero
510 2099 618 2198 Rhesi
646 2099 811 2189 expeditio
852 2097 980 2185 qualem
1026 2098 1102 2166 Ilias
1144 2099 1291 2186 depinxit
1337 2106 1371 2191 et

186 2208 240 2274 Bit
226 2208 399 2302 thynorum
434 2208 554 2303 migrat
554 2208 585 2273 10
622 2229 719 2294 quam
754 2207 884 2293 quidem
915 2206 1099 2274 Herodotus
1130 2207 1304 2294 descripsit
1289 2208 1371 2274 tid

174 2315 764 2401 Ι11111111111111111011111111,111111
800 2315 912 2403 ambae
942 2337 962 2397 1
991 2313 1206 2401 Strymone
1198 2337 1230 2380 m
1259 2317 1372 2382 Asiam

186 2425 367 2509 suscipiunt
367 2445 414 2489 ur.
462 2421 648 2490 Herodotus
677 2444 738 2488 sua
767 2398 948 2509 aBithyno
978 2424 1116 2509 quodam
1146 2444 1180 2490 se
1210 2425 1372 2492 audivisse

186 2531 360 2612 significat,
390 2531 447 2615 qui
471 2530 499 2594 si
523 2550 543 2596 a
566 2530 633 2596 suis
655 2530 831 2596 maioribus
844 2529 977 2596 tradita
1001 2535 1168 2617 accepera
1176 2582 1184 2612 ,
1154 2530 1264 2596 this
1288 2538 1372 2598 certe

186 2636 283 2704 Rhesi
312 2636 410 2724 apud
425 2636 603 2703 Homerum
631 2638 741 2705 fabula
771 2638 891 2724 optime
920 2639 1142 2718 confirmatum
1179 2639 1229 2704 sin
1265 2644 1373 2706 autem

186 2751 298 2812 auctor
326 2745 379 2811 ille
408 2746 587 2811 carminum
615 2743 865 2812 Homericorum
893 2746 1129 2832 aliquantulum
1158 2747 1220 2811 fuit
1239 2749 1372 2832 peritus

187 2855 240 2939 [cf.
256 2851 383 2939 Lydum
399 2852 577 2942 Xanthum,
602 2851 642 2919 de
666 2874 730 2939 quo
754 2853 840 2919 idem
861 2858 988 2921 constat
1010 2874 1051 2921 ex
1070 2855 1108 2919 fr.
1124 2853 1372 2943 50011.13863]‚

186 2963 292 3046 potuit
315 2962 413 3028 etiam
437 2981 478 3026 ex
501 2961 572 3047 ipso
597 2959 730 3039 Homeri
758 2961 827 3027 loco
857 2962 914 3028 illa
936 2961 977 3028 de
1001 2960 1195 3048 Strymoniis
1219 2961 1374 3049 Bithyno-

186 3090 258 3134 rum
281 3069 455 3134 maicribus
479 3068 608 3149 fingere.

277 3174 341 3242 Sed
364 3194 567 3261 quocumque
591 3173 685 3241 modo
708 3175 788 3242 haee
812 3176 1023 3262 accipiuntur,
1049 3177 1115 3243 sive
1140 3179 1298 3264 comperit
1319 3179 1375 3245 ille

186 3280 346 3366 Bithynus
385 3281 508 3367 aliquid
547 3281 585 3348 de
619 3281 725 3348 Rheso
760 3281 930 3349 Homerico
967 3284 1033 3350 sive
1074 3285 1142 3351 eins
1178 3287 1320 3352 narratio
1355 3308 1375 3352 a

187 3386 359 3455 Graecias
343 3389 461 3454 fabulis
485 3388 572 3455 nullo
596 3389 690 3456 modo
714 3390 1172 3493 1111111111111111111111
1185 3393 1301 3487 Rheso
1325 3396 1373 3461 fa-

186 3497 261 3562 bula
290 3495 377 3583 apud
406 3495 612 3583 Strymonem
642 3499 712 3564 et'
702 3520 735 3564 11
764 3498 848 3565 Asia
875 3499 1032 3566 collocata
1061 3478 1167 3567 sola
1159 3523 1225 3568 ram
1253 3524 1311 3590 per
1339 3525 1374 3570 se

186 3605 272 3671 haud
295 3611 369 3672 cont
355 3605 641 3671 temnendumt
592 3612 641 3671 est
669 3607 906 3687 testimonium,
942 3628 1005 3695 quo
1033 3609 1148 3694 probat
1152 3631 1189 3676 ur
1212 3609 1267 3676 Bit
1254 3611 1372 3696 thynos

186 3713 214 3777 si
245 3732 307 3778 non
336 3734 445 3780 omncs
470 3735 487 3780 e
511 3713 651 3796 Pangaei
681 3715 810 3798 regione
840 3716 981 3798 venisse,
1018 3715 1075 3782 sed
1110 3716 1251 3803 aliquam
1285 3723 1371 3785 certe

94 3871 106 3890 .
186 3825 311 3905 partem
329 3823 433 3904 (velut
449 3821 579 3887 Edonos
595 3822 679 3904 illos,
702 3842 781 3909 quos
798 3823 1002 3888 Antandrum
1018 3825 1160 3891 tenuisse
1176 3825 1371 3891 Aristoteles

186 3929 290 4015 novit)
314 3927 389 3994 inde
412 3929 552 3995 maxime
576 3930 751 4014 profectam
775 3950 908 4012 magnas
933 3931 1007 3997 illas
1024 3930 1185 3998 Thracum
1206 3933 1316 4000 turbas
1337 3934 1370 3997 in

187 4033 302 4101 Asiam
324 4036 539 4122 irrumpentes
563 4037 702 4103 auxisse.
1456 4021 1459 4027 ¹

187 4249 275 4301 then.
296 4264 357 4301 narr
375 4250 453 4299 amat.
474 4245 507 4299 36
529 4243 612 4312 [unde
631 4247 678 4302 st..
698 4248 728 4301 B.
748 4264 769 4301 1.
789 4265 812 4299 v.
830 4243 1002 4316 ’1111111111
1027 4274 1060 4284 -
1085 4242 1131 4314 ³¹⁷)
1152 4250 1219 4318 App.
1238 4251 1325 4303 llithr.
1348 4250 1370 4304 l.

782 4385 786 4403 ¹
836 4416 838 4425 .

1156 4464 1284 4549 cr¹
