3136 5078
285 1393 548 1509 Antiquissimas
573 1419 768 1488 Graecorum
797 1441 848 1488 res
876 1427 963 1488 totas
993 1423 1182 1506 intellegere
1209 1445 1273 1493 non
1308 1448 1383 1512 pos-

200 1553 310 1598 sumus
324 1531 392 1597 sine
415 1530 523 1615 aliqua
540 1549 650 1595 earum
666 1529 809 1612 gentium
825 1530 952 1610 notitia,
974 1530 1165 1616 quibuscum
1181 1537 1239 1598 aut
1251 1533 1385 1600 eandem

200 1645 316 1705 terram
340 1637 559 1718 incoluerunt,
590 1641 663 1718 aut,
693 1656 763 1702 cum
793 1637 867 1722 plus
890 1637 996 1703 minus
1029 1637 1124 1719 longo
1149 1640 1253 1725 spatio
1278 1648 1387 1708 essent

199 1747 361 1832 dirempti,
386 1744 613 1823 commercium
636 1748 744 1809 tamen
773 1743 963 1809 habuerunt.
1012 1742 1153 1811 Graecos
1183 1747 1267 1812 enim
1291 1769 1383 1814 nemo

199 1857 261 1920 iam
284 1859 378 1941 putat
401 1853 522 1932 omnia,
553 1871 633 1937 quae
657 1850 698 1915 ad
727 1851 811 1916 vitae
836 1851 959 1916 cultum
1004 1858 1102 1936 atque
1137 1853 1382 1938 humanitatem,

199 1961 238 2027 ad
267 1967 353 2027 artes
377 1965 409 2026 et
436 1959 622 2041 religionem
652 1959 829 2043 pertinent,
859 1977 900 2024 ex
930 1978 989 2024 suo
1018 1959 1144 2044 peculio
1174 1959 1321 2029 hausisse
1351 1968 1385 2029 et

198 2070 280 2135 sicut
303 2068 379 2133 deos
403 2085 600 2153 procreasse,
626 2064 683 2131 sed
707 2085 771 2151 quo
791 2068 936 2152 tempore
960 2086 1060 2132 novas
1085 2065 1176 2132 sedes
1197 2069 1232 2133 in
1249 2066 1384 2135 Graecia

197 2179 396 2263 quaererent,
421 2173 517 2239 rudes
541 2172 714 2238 admodum
738 2173 837 2238 fuisse
862 2177 895 2238 et
911 2173 951 2238 ab
968 2172 1040 2238 aliis
1057 2173 1195 2260 populis,
1219 2176 1283 2260 qui,
1309 2194 1382 2241 cum

196 2286 260 2350 iam
286 2283 342 2348 diu
370 2285 476 2348 certas
505 2280 597 2346 sedes
613 2279 779 2363 haberent,
802 2279 844 2346 ad
860 2279 999 2365 aliquem
1015 2280 1225 2346 humanitatis
1247 2282 1383 2363 gradum

194 2392 259 2457 iam
282 2393 510 2477 pervenerant,
541 2408 579 2453 ea
600 2387 739 2454 libenter
763 2388 926 2473 accepisse
951 2407 988 2453 ac
1013 2387 1181 2470 didicisse,
1211 2408 1292 2473 quae
1316 2410 1382 2456 me-

194 2499 275 2563 liora
298 2495 383 2581 apud
407 2515 462 2562 eos
485 2495 675 2560 invenirent.
724 2493 817 2572 Quod
841 2495 969 2560 etiamsi
994 2494 1213 2578 concedimus,
1249 2496 1382 2564 minime

194 2605 235 2669 iis
271 2602 480 2685 adsentimur,
523 2603 578 2688 qui
606 2601 682 2668 inde
717 2603 756 2668 ab
794 2603 938 2687 antiquis
975 2597 1137 2668 nonnullis
1173 2603 1382 2689 scriptoribus

193 2730 293 2796 usque
325 2709 367 2775 ad
396 2710 498 2776 nostri
529 2709 648 2775 saeculi
681 2709 836 2796 quosdam
872 2713 1018 2775 auctores
1053 2713 1155 2775 totam
1185 2707 1380 2775 Graecorum

192 2818 389 2900 religionem,
414 2817 531 2884 deinde
556 2818 653 2883 etiam
677 2816 913 2904 philosophiam
939 2837 976 2881 ac
1000 2836 1099 2903 prope
1124 2836 1251 2883 omnem
1267 2816 1380 2883 huma·

190 2925 326 2991 nitatem
351 2945 390 2990 ex
406 2923 490 2990 Asia
513 2924 646 2991 fluxisse
670 2929 872 3011 putaverunt,
897 2924 994 2990 nimis
1019 2924 1067 2989 illi
1092 2924 1263 3007 orientem,
1288 2924 1379 2990 cuius

190 3052 224 3098 re
247 3053 324 3098 vera
347 3032 584 3117 imperitissimi
606 3033 747 3112 fuerunt,
772 3022 980 3098 admirantes.
1025 3029 1135 3098 Manet
1158 3035 1243 3098 certe
1267 3033 1381 3098 etiam-

189 3160 275 3205 nune
291 3138 434 3225 Philippi
450 3137 585 3223 epona
600 3121 712 3226 inlu)
737 3143 783 3218 a<
805 3143 826 3205 a
846 3140 876 3204 a
896 3163 958 3228 περ
982 3135 1180 3229 1111111
1201 3139 1381 3228 βαρβάρων

189 3247 411 3335 παραλάβωσι,
449 3247 571 3310 κάλλιον
605 3250 695 3312 τοῦτο
725 3249 769 3326 εἷς
796 3248 884 3325 τέλος
918 3247 1154 3334 ἀπεργάζονται.
1202 3243 1267 3312 Sed
1290 3265 1381 3312 aoce-

188 3355 275 3439 pisse
290 3352 429 3421 Graecos
451 3352 562 3434 multa,
587 3355 734 3440 quamvis
758 3354 930 3420 maximam
954 3357 1080 3439 partem
1104 3351 1196 3418 rudia
1219 3352 1322 3418 adhuc
1345 3358 1379 3419 et

188 3460 351 3542 incohata,
375 3459 427 3526 vel
451 3461 696 3547 antiquissimae
720 3461 836 3528 aetatis
860 3461 1006 3548 reliquiis
1032 3460 1115 3543 illis,
1151 3479 1233 3547 quae
1257 3460 1379 3526 uostris

187 3569 389 3654 temporibus
415 3589 432 3634 e
455 3573 542 3635 terra
565 3575 640 3636 sunt
664 3575 786 3654 erutae,
810 3571 1043 3656 comprobatur.

276 3674 351 3742 Jam
386 3696 460 3743 vero
495 3697 577 3763 qnae
607 3677 646 3744 de
675 3677 742 3744 illis
765 3678 893 3763 populis
920 3676 1041 3743 tradita
1076 3680 1154 3742 suut
1188 3694 1287 3760 prope
1312 3694 1379 3739 om-

185 3783 241 3847 nia
274 3782 395 3850 fabulis
419 3789 496 3850 sunt
524 3784 678 3850 involuta.
726 3785 927 3871 Quamquam
957 3785 1013 3850 ubi
1044 3784 1161 3850 ceteris
1184 3780 1378 3847 adiumentis

187 3888 332 3955 destituti
349 3909 472 3972 sumne,
490 3892 541 3957 vel
553 3891 613 3957 hoc
628 3891 787 3957 auxilium
803 3890 1017 3957 libentissimo
1031 3893 1138 3956 animo
1154 3886 1377 3972 accipiendum

186 4001 245 4062 est.
312 3995 404 4063 Certe
439 3999 599 4085 imprimis
624 3996 822 4065 Graecorum
858 3997 991 4066 fabulae
1026 3998 1149 4062 variam
1188 3994 1376 4080 plerumque

184 4104 324 4188 speciem
350 4105 517 4189 praebent3
548 4105 767 4172 diversissima
791 4125 887 4191 saepe
911 4106 950 4172 de
973 4125 1037 4170 uno
1069 4103 1246 4189 eodemque
1275 4100 1376 4167 heroe

184 4209 234 4275 vel
261 4210 344 4277 bello
372 4210 423 4276 vel
439 4211 664 4298 qualicumque
688 4212 828 4279 fabulari
852 4233 887 4279 re
910 4212 1096 4294 traduntur,
1121 4215 1159 4276 ut
1183 4211 1286 4277 omnis
1309 4210 1372 4275 iam

275 4388 295 4459 ¹>
316 4389 409 4460 [Plat]
434 4394 511 4463 Epire
537 4410 560 4448 c.
584 4395 620 4449 10
644 4411 669 4463 p.
696 4394 748 4449 981
771 4395 787 4448 d
807 4412 829 4448 e.
854 4421 887 4431 -

1158 4483 1170 4535 l
