3136 5078
750 308 791 370 47

174 501 297 568 nullam
331 520 426 586 posse
460 500 607 581 inveniri,
644 519 806 566 summam
840 499 940 566 totius
975 498 1104 564 fabulae
1140 497 1263 563 iamdiu
1292 517 1366 562 con-

175 609 298 674 stitisse
326 607 528 693 putabimuS‚
564 627 637 673 cum
660 605 836 692 Sophocles
862 604 997 672 Tereum
1030 626 1125 670 suum
1161 604 1366 689 faceretffia)

177 715 280 794 Quare
302 713 554 782 Marckscheffeli
576 715 795 780 coniecturam
819 719 928 779 actum
966 733 1039 779 esse
1073 715 1138 778 iam
1173 713 1207 777 in
1234 711 1368 778 Hesiodi

177 824 324 904 catalogo
359 820 398 886 dc
420 820 560 887 Procnes
597 827 631 888 et
652 821 847 888 Philomelae
870 821 1020 902 facinore,
1057 821 1165 904 itaque
1189 820 1255 902 illa,
1284 839 1366 905 quae
1437 868 1442 877 .

179 932 334 997 Aelianus
356 929 376 996 l.
399 929 421 995 l.
447 929 569 995 directa
604 931 747 996 oratione
783 928 959 1012 addiderit,
995 949 1069 994 cum
1104 927 1368 993 antecedentibus

176 1038 281 1104 verbis
305 1038 476 1104 coniuncta
498 1035 642 1104 Hesiodo
666 1036 836 1103 tribuenda
859 1057 948 1118 esse,
976 1038 1046 1102 veri
1068 1034 1155 1102 haud
1179 1034 1368 1102 dissimilem

177 1165 246 1211 esse
270 1165 396 1211 censeo.
430 1143 496 1210 Sed
510 1145 545 1210 in
560 1165 624 1209 uno
649 1144 781 1210 haereo:
805 1149 914 1210 utrum
932 1145 994 1209 iarn
1007 1140 1169 1229 Hesiodus
1185 1144 1218 1208 in
1231 1140 1369 1233 Thracia

177 1255 228 1337 (ot
255 1253 301 1318 ait
328 1253 500 1337 Aelianus)
536 1273 603 1318 rem
638 1256 761 1334 gestam
790 1252 910 1318 dixerit
935 1252 1019 1337 (sive
1042 1251 1099 1317 illa
1122 1249 1276 1316 Dauliam
1300 1250 1367 1314 sive

175 1361 338 1446 propriam
351 1359 519 1426 Thraciam
535 1359 586 1425 hic
603 1360 789 1446 significat),
814 1381 855 1426 an
871 1360 932 1425 hoc
956 1380 976 1425 a
999 1361 1155 1445 scriptore
1169 1357 1367 1444 Sophocleae

175 1466 361 1548 tragoediae
396 1471 481 1532 certe
504 1465 590 1532 haud
619 1467 731 1548 ignaro
760 1466 906 1532 additum
930 1466 995 1532 sit?
1041 1464 1086 1531 Et
1112 1467 1251 1532 fueritne
1275 1467 1367 1550 pueri

176 1573 326 1639 mactatio
361 1574 427 1638 iam
454 1573 541 1660 apud
565 1594 638 1660 eum
663 1594 737 1639 oum
760 1572 936 1656 Bacchicis,
972 1578 1009 1639 nt
1045 1573 1129 1660 apud
1165 1571 1366 1660 Sophoclem,

176 1679 291 1745 ritihus
326 1681 505 1763 coniuncta,
541 1702 583 1746 an
616 1701 693 1746 vero
728 1681 837 1765 potius
873 1680 914 1745 ad
949 1681 1168 1746 nobilissimae
1206 1678 1367 1764 Thyestae

178 1806 295 1852 caenae
319 1789 491 1870 imaginem
515 1788 644 1855 efficta?

268 1893 330 1961 Sed
359 1900 485 1961 restant
507 1895 726 1962 Pausaniae
756 1899 790 1961 et
812 1893 1024 1961 Strabonis
1054 1894 1132 1974 loci,
1161 1896 1217 1978 qui
1242 1899 1275 1960 et
1300 1895 1367 1960 vol·
1461 1913 1463 1917 ’

177 2010 287 2083 gatam
311 2003 494 2088 opinionem
518 2003 661 2069 referunt
685 2009 719 2069 et
754 2024 793 2069 ex
829 2002 892 2069 alio
921 2003 1010 2068 fonte
1038 2021 1103 2067 non
1126 2000 1280 2066 Dauliam
1310 2007 1368 2066 aut

176 2108 281 2195 ipsam
317 2107 485 2178 Thraciam
515 2109 608 2177 Terei
643 2111 785 2196 patriam
821 2108 941 2192 dicunt,
979 2108 1037 2176 sed
1071 2107 1212 2191 Megara.
1264 2108 1368 2175 Locos

174 2216 259 2282 infra
281 2219 433 2304 apposui:

215 2321 340 2389 Strab.
366 2324 420 2404 lh,
446 2331 477 2407 3,
504 2331 546 2394 13
570 2347 602 2411 p.
626 2331 704 2395 423.
1028 2324 1139 2389 Paus.

223 2431 335 2506 Δαυλίς
357 2432 612 2520 πολίχνιον)όπου
641 2434 743 2520 Τηρέα
837 2431 1366 2520 Χ,4,6(8)ένταῦδαέντῇόαυλίδι

176 2539 227 2600 τὸν
246 2539 355 2624 θρᾷκοί
369 2561 444 2623 φασι
460 2537 672 2614 δυναστεῦσαι,
694 2539 744 2601 καὶ
798 2538 987 2627 παραδεῖναι
1011 2545 1057 2626 τῷ
1078 2541 1171 2628 Τηρεῖ
1196 2542 1248 2604 τὸν
1269 2541 1367 2604 παῖδα

176 2644 215 2706 τὰ
241 2648 313 2731 περὶ
337 2643 510 2732 Φιλομήλαν
533 2647 582 2709 καὶ
601 2644 743 2734 Πρόκνην
798 2649 830 2710 αἱ
854 2650 994 2730 γυναῖκες
1016 2647 1165 2730 λέγονται.

176 2752 242 2815 ἐκεῖ
260 2749 431 2836 μυδεόουοι
448 2791 490 2800 -
510 2752 743 2841 Θουκυδίδης
842 2753 866 2835 Ι,
891 2759 945 2836 41,
970 2760 989 2822 8
1011 2755 1099 2840 (8.9)
1124 2752 1307 2838 ἐβασίλευσε
1331 2754 1367 2819 δὲ

175 2855 209 2919 δ’
239 2859 272 2922 έν
304 2858 461 2946 Μεγάροις
494 2859 571 2948 φησί
610 2858 638 2945 [l
674 2859 742 2925 vice
797 2865 814 2926 ὁ
842 2862 966 2950 Τηρεὺς,
1007 2865 1052 2938 ὡς
1090 2861 1148 2947 μὲν
1172 2861 1310 2944 λέγουσιν
1340 2865 1368 2926 oi

175 2984 269 3030 versa
298 2985 350 3031 res
376 2965 546 3048 sehabet,
576 2967 615 3034 cf.
641 2964 757 3031 Thucs
798 2969 963 3056 Μεγαρεῖς,
993 2971 1064 3055 περὶ
1093 2969 1150 3045 τὰς
1174 2967 1287 3052 Παγὰς
1313 2970 1369 3046 τὰς

176 3069 215 3151 ΙΙ,
240 3075 299 3150 293
325 3073 437 3137 subest
459 3073 561 3136 mirus
578 3077 637 3137 aut
652 3070 742 3138 Stra·
796 3077 989 3163 καλουμένας
1017 3082 1071 3166 ιῆς
1095 3076 1286 3163 Μεγαρίδος,
1322 3080 1368 3154 ὡς

177 3177 269 3243 bonis
293 3185 350 3241 aut
372 3177 495 3242 librarii
519 3179 620 3264 error]
798 3183 835 3247 δὲ
848 3184 910 3267 ἐγὼ
979 3183 1111 3247 δοκῶ...
1132 3183 1281 3261 Δαυλίδος
1289 3184 1367 3274 ἦρχε

800 3295 853 3378 τῆς
869 3290 950 3376 ὑπὲρ
965 3290 1153 3376 Χαρωνείας
1169 3296 1369 3375 (sequuntur

219 3440 223 3447 «
798 3397 905 3462 multa
920 3395 959 3462 de
971 3395 1210 3479 Megarensium
1229 3395 1366 3483 fabula).

82 3490 117 3577 5}
220 3497 355 3587 τοῦνομα
372 3500 408 3564 δὲ
425 3504 470 3585 τῷ
485 3498 573 3586 τόπῳ
585 3500 743 3583 γεγονέναι
842 3502 883 3585 X,
901 3513 932 3585 4,
951 3505 1026 3590 5<7)
1052 3507 1115 3581 τοῖς
1137 3504 1174 3567 δέ
1190 3505 1271 3568 ἐστιν
1287 3507 1367 3594 ελρη-

177 3608 239 3670 ἀπὸ
267 3610 320 3672 τοῦ
343 3605 474 3681 δοίοους·
510 3605 642 3683 δαυλοδς
681 3607 742 3694 γὰρ
795 3611 901 3698 μένον,
938 3615 983 3688 ὡς
1017 3614 1053 3675 τδ
1070 3612 1205 3701 χωρίον,
1244 3609 1367 3701 tudae>

176 3714 300 3778 καλοῦσι
324 3715 362 3778 τὰ
386 3714 478 3803 δόοη.
797 3719 883 3794 πόλις
906 3716 1038 3808 ᾠκίσδη,
1064 3719 1229 3809 παρείχετο
1253 3725 1367 3808 ουνεχῆ

797 3825 928 3913 δένδρα,
956 3825 1120 3891 καλεῒσδαι
1144 3827 1180 3892 δὲ
1205 3827 1242 3891 τὰ
1266 3826 1367 3890 δασέα

797 3932 857 3995 ὑπὸ
880 3936 942 3996 τῶν
970 3933 1064 3996 πάλαι
1091 3933 1191 3996 δαῦλα
1208 3933 1367 4017 (sequun-

796 4042 852 4102 tur
872 4037 972 4104 huius
995 4060 1077 4104 usus
1101 4039 1304 4125 testimonia)

176 4214 202 4251 n.
223 4197 266 4251 52,
286 4225 320 4235 -
342 4192 403 4263 175·)
424 4198 507 4262 Quam
527 4201 684 4255 sententiam
703 4218 787 4256 meam
807 4204 923 4271 probant
942 4204 993 4257 duo
1013 4219 1087 4256 vasa
1106 4204 1207 4272 picta,
1225 4219 1293 4272 quae
1313 4205 1363 4257 So·

177 4288 279 4356 phoclis
299 4288 382 4341 Tereo
402 4290 552 4357 antiquiora
571 4306 630 4344 esse
648 4291 771 4345 videntur
785 4308 872 4360 neque
886 4293 992 4347 omuino
1011 4311 1027 4346 a
1045 4293 1180 4361 tragoedia
1198 4293 1287 4362 aliqua
1299 4309 1364 4361 pcn-

177 4376 237 4431 dare
250 4382 374 4446 possunt3
387 4379 470 4433 altera
482 4378 512 4432 B.
526 4379 550 4434 d.
563 4380 589 4434 J.
602 4379 672 4434 1878
685 4396 712 4449 p.
725 4381 780 4435 204
794 4397 832 4450 sq.
847 4379 901 4447 (W.
912 4381 1019 4451 Halbig)
1035 4378 1136 4448 [ITVT
1147 4387 1174 4435 et
1186 4379 1261 4436 AM
1268 4378 1365 4448 odel]
