3136 5078
285 1386 548 1502 Antiquissimas
572 1412 767 1481 Graecorum
796 1434 848 1481 res
876 1420 963 1481 totus
992 1416 1182 1499 intellegere
1208 1439 1272 1486 non
1307 1441 1382 1505 pos-

200 1546 310 1591 sumus
324 1525 392 1589 sine
415 1523 523 1608 aliqua
540 1542 650 1588 earum
665 1523 808 1605 gentium
824 1523 951 1604 notitia,
973 1523 1165 1608 quibuscum
1181 1531 1239 1592 aut
1250 1525 1384 1593 eandem

200 1638 316 1698 terram
340 1630 558 1712 incoluemnt,
590 1635 663 1713 aut,
692 1651 763 1696 cum
792 1631 866 1716 plus
890 1631 996 1696 minus
1029 1630 1124 1713 longo
1148 1634 1253 1718 spatio
1278 1641 1386 1700 essent

199 1740 361 1826 dirempti,
386 1738 613 1816 commercium
636 1741 744 1802 tamen
773 1736 963 1803 habuerunt.
1012 1734 1153 1804 Graecos
1183 1741 1266 1806 enim
1291 1761 1384 1807 nemo

199 1850 261 1912 iam
284 1852 378 1933 putat
401 1846 522 1924 omnia,
552 1864 633 1930 quae
657 1843 697 1909 ad
726 1844 811 1909 vitae
835 1843 959 1909 cultum
1003 1852 1102 1928 atque
1137 1845 1382 1930 humanitatem,

198 1955 238 2020 ad
267 1960 352 2020 artes
377 1959 409 2019 et
434 1952 621 2035 religionem
651 1952 828 2038 pertinent,
858 1971 900 2017 en
930 1972 989 2017 suo
1018 1952 1144 2037 peculio
1174 1953 1322 2022 hausisse
1351 1961 1384 2022 et

197 2063 280 2128 sicut
303 2062 379 2127 deos
403 2080 599 2147 procreasse,
625 2059 682 2126 sed
707 2079 770 2145 quo
791 2064 936 2146 tempore
960 2079 1060 2124 novas
1084 2059 1176 2125 sedes
1197 2061 1231 2125 in
1248 2059 1384 2128 Graecia

196 2174 396 2256 quaererent,
420 2167 516 2233 rudes
540 2166 714 2232 admodum
737 2167 836 2232 fuisse
861 2170 895 2231 et
911 2166 950 2231 ab
967 2166 1040 2231 aliis
1056 2166 1194 2253 populis,
1218 2169 1282 2253 qui,
1309 2187 1382 2234 cum

195 2279 258 2342 iam
286 2277 341 2342 diu
370 2279 475 2341 certas
505 2273 596 2340 sedes
612 2273 778 2355 haberent,
802 2272 843 2339 ad
860 2272 999 2357 aliquem
1015 2273 1224 2339 humanitatis
1246 2275 1383 2356 gradmn

194 2385 257 2449 iam
281 2386 510 2470 pervenerant,
540 2402 579 2446 ea
600 2381 738 2447 libenter
763 2381 926 2467 accepisse
951 2400 988 2446 ac
1012 2379 1180 2462 didicisse,
1210 2401 1291 2466 quae
1315 2403 1382 2448 me-

193 2490 274 2554 liora
297 2487 382 2573 apud
406 2507 462 2553 eos
485 2487 674 2552 invenirent.
724 2486 817 2564 Quod
841 2488 969 2553 etiamsi
994 2487 1212 2569 concedimus,
1249 2489 1381 2556 minime

192 2596 233 2660 iis
269 2594 480 2677 adsentimur,
523 2594 578 2678 qui
607 2593 682 2660 inde
717 2594 756 2659 ab
794 2596 937 2679 antiquis
975 2590 1137 2660 nonnullis
1173 2596 1382 2681 scriptoribus

192 2722 292 2787 usque
324 2700 365 2766 ad
396 2701 497 2766 nostri
529 2702 647 2766 saeculi
681 2700 835 2787 quosdam
871 2706 1018 2767 auctores
1052 2704 1155 2767 totam
1185 2699 1380 2768 Graecorum

191 2810 388 2892 religionem,
414 2807 530 2874 deinde
555 2808 652 2873 etiam
676 2807 912 2895 philosophiam
938 2829 975 2873 ac
999 2828 1099 2895 prope
1123 2829 1252 2875 omnem
1267 2809 1380 2876 huma·

189 2918 326 2982 nitatem
351 2936 390 2981 ex
405 2914 489 2980 Asia
512 2914 645 2982 fluxisse
668 2919 872 3001 putaverunt,
896 2917 994 2982 nimis
1018 2916 1067 2981 illi
1090 2917 1262 2998 orientem,
1287 2917 1379 2982 cuius

189 3045 224 3090 re
247 3044 324 3090 vera
346 3023 583 3108 imperitissimi
605 3023 746 3119 fuerunt,
771 3023 979 3090 admirantes.
1025 3021 1134 3091 Manet
1158 3029 1242 3091 certe
1267 3027 1381 3090 etiam-

189 3152 275 3197 nunc
291 3130 433 3217 Philippi
449 3127 583 3215 Opuntii
599 3129 711 3216 illnd1)
736 3134 782 3208 ὡς
804 3134 826 3196 ὅ
845 3131 875 3196 τί
895 3155 957 3219 περ
981 3127 1180 3222 ἂνἜλληνες
1200 3132 1380 3220 βαρβάρων

190 3240 410 3327 παραλάβωσι,
448 3239 570 3302 κάλλιον
604 3241 694 3302 ταῦτα
724 3239 768 3315 εἷς
796 3239 883 3314 τέλος
917 3239 1154 3325 ἀπεργάζονται.
1201 3236 1266 3304 Sed
1290 3258 1380 3305 acce-

188 3346 275 3432 pisse
290 3345 428 3414 Graecos
450 3344 561 3427 multa,
586 3345 733 3430 quamvis
757 3345 930 3410 maximam
953 3348 1080 3431 partem
1103 3343 1196 3410 rudia
1218 3344 1321 3410 adhuc
1345 3351 1379 3411 et

187 3452 350 3533 incohata,
374 3451 426 3518 vel
450 3452 695 3538 antiquissimae
719 3452 835 3519 aetatis
859 3452 1005 3538 reliquiis
1032 3452 1113 3534 illis,
1150 3471 1233 3538 quae
1257 3453 1378 3518 nostris

185 3561 389 3646 temporibus
414 3580 431 3626 e
454 3566 541 3626 terra
564 3564 639 3627 sunt
663 3566 784 3644 erutae,
809 3561 1042 3647 comprobetur.

275 3665 351 3734 Jam
385 3688 459 3733 vero
494 3687 576 3753 quae
606 3667 645 3735 de
674 3667 741 3734 illis
764 3669 892 3754 populis
919 3667 1041 3734 tradita
1075 3673 1153 3734 sunt
1187 3687 1287 3753 prope
1312 3686 1378 3731 om-

186 3774 241 3839 nia
274 3774 394 3841 fabulis
419 3780 495 3840 sunt
523 3775 677 3842 involuta,
725 3775 927 3860 Quamquam
956 3775 1012 3841 ubi
1043 3775 1160 3841 ceteris
1183 3771 1377 3838 adiumentis

186 3878 331 3948 destituti
349 3901 472 3963 sumus,
489 3882 541 3947 vel
552 3881 612 3948 hoe
627 3882 786 3948 auxilium
802 3881 1017 3948 libentissimo
1030 3884 1138 3947 animo
1154 3878 1376 3964 accipiendum

185 3993 245 4054 est.
311 3987 404 4056 Certe
439 3990 598 4077 imprimis
624 3987 821 4056 Graecorum
857 3989 990 4056 fabulae
1025 3989 1148 4054 variam
1187 3986 1376 4072 plerumque

183 4094 324 4180 speeiem
350 4095 517 4182 praebent3
547 4095 767 4163 diversissima
790 4116 887 4182 saepe
910 4097 950 4163 de
972 4115 1036 4162 uno
1068 4094 1246 4179 eodemque
1274 4092 1376 4160 heroe

182 4201 235 4267 vel
261 4201 344 4268 bello
372 4202 423 4267 vel
439 4202 664 4289 qualicumque
687 4203 827 4270 fabulari
852 4224 886 4270 re
910 4202 1095 4284 traduntur,
1120 4206 1159 4268 ut
1181 4203 1286 4267 omnis
1308 4201 1373 4266 iam

274 4379 294 4450 ¹)
315 4381 409 4452 [Plat]
434 4385 511 4454 Epin.
536 4402 559 4440 c.
584 4386 619 4440 10
643 4403 669 4454 p.
695 4385 747 4440 987
770 4386 828 4440 de.
853 4411 886 4422 -

1158 4475 1170 4526 l
