3136 5078
765 315 809 395 60

192 521 288 607 (duo)
301 521 481 607 loquentes,
506 523 563 608 qui
585 524 699 608 procul
723 524 820 591 dubio
838 523 1004 610 Orithyiae
1029 517 1142 589 eodem
1163 525 1202 590 ab
1217 523 1381 610 Aquilone

192 634 304 715 raptae
328 629 386 694 lilii
410 626 558 717 sunem)
594 629 647 696 Ad
662 631 928 714 Argonautarum
950 629 1095 697 fabulam
1119 635 1245 717 spectat
1267 650 1381 698 versus

378 753 497 845 Κόλχος
520 754 556 821 δὲ
580 756 738 834 Χαλδαῒύς
761 759 868 822 τεκαὶ
894 756 1007 846 Σύριον
1031 754 1196 842 teroem)

129 971 131 975 ἢ
282 877 397 966 Neque
415 901 610 968 quemquam
635 884 675 950 ab
690 882 751 949 hac
774 882 936 950 sententia
960 882 1135 949 deterrebit
1150 883 1273 967 opinor,
1295 881 1383 968 quod

193 984 408 1072 Etymologici
424 986 535 1070 Magni
557 993 669 1056 auctor
692 994 725 1056 et
741 987 857 1057 Suidas
873 986 916 1056 ad
930 993 1075 1056 nostram
1095 988 1238 1056 fabulam
1259 988 1382 1075 aliquid

193 1090 231 1161 de
256 1093 407 1182 Cecropis
430 1096 559 1163 filiabus
582 1117 732 1163 revocare
756 1094 915 1165 videntur.

284 1200 404 1269 Contra
428 1224 469 1270 ex
491 1202 642 1271 Phineo
667 1205 772 1292 (nullo
789 1226 923 1272 numero
940 1204 1065 1292 addito)
1089 1202 1245 1271 habemus
1268 1223 1381 1271 versus

191 1311 362 1377 nonnullos
389 1309 501 1377 Phinei
529 1312 635 1400 ipsius
663 1313 815 1379 miseram
841 1314 958 1378 faciem
994 1311 1227 1392 describentem
1263 1309 1382 1378 dicitur

191 1421 299 1507 νεκρὸς
322 1419 447 1510 τάριχος
469 1422 594 1508 εἰσορᾶν
619 1420 783 1505 Αἰγύπτιος
806 1425 840 1486 et
863 1416 1065 1508 caetu83227)
1089 1425 1381 1487 commemorantur

191 1530 225 1619 et
247 1524 485 1613 harpyiarum)
645 1600 647 1604 ,

280 1634 434 1699 Phineum
457 1654 533 1700 vero
558 1636 741 1722 (primum),
764 1655 828 1700 non
860 1630 1087 1721 Tympanistas
1123 1635 1246 1724 posteri
1270 1655 1381 1702 omnes

190 1741 295 1807 secuti
312 1756 391 1808 ¹csse
414 1741 574 1809 videntur.
622 1741 707 1808 Hinc
730 1746 817 1808 certe
840 1743 981 1828 petitum
1005 1747 1065 1822 est,
1098 1743 1185 1828 quod
1209 1742 1382 1809 scholiasta

191 1869 232 1914 ex
257 1846 413 1934 Sophocle
436 1849 583 1936 praebet:
608 1848 783 1917 Caecatum
806 1870 878 1917 esse
901 1849 1070 1932 Phineum,
1096 1851 1174 1936 quia
1195 1849 1279 1915 fflios
1304 1869 1381 1915 suos

191 1978 232 2023 ex
256 1955 428 2046 Cleopatra
451 1958 652 2024 caecavisset
674 1957 886 2024 Parthenium
914 1962 947 2023 et
971 1956 1155 2038 Crambum,
1185 1955 1299 2023 Idaeae
1323 1975 1380 2022 no-

190 2085 301 2131 vercae
325 2064 441 2130 horum
473 2065 566 2131 falsis
596 2065 729 2131 credens
755 2064 1078 2130 incriminationibus.
1133 2063 1248 2149 Neque
1270 2063 1381 2131 dubito

189 2172 232 2238 ad
254 2172 336 2238 hanc
358 2173 566 2258 potissimum
589 2171 789 2255 tragoediam
817 2173 955 2252 referre,
987 2190 1071 2257 quae
1095 2169 1380 2257 Apollodorusm)

190 2300 254 2345 uno
278 2279 348 2345 loco
371 2285 492 2359 narrat,
517 2279 645 2345 ldacam
668 2280 845 2365 privignos,
870 2278 958 2364 quod
982 2299 1016 2344 se
1040 2279 1075 2343 in
1092 2284 1244 2364 stuprum
1259 2278 1378 2344 illicere

189 2387 378 2467 voluissent,
402 2387 484 2452 falso
507 2406 679 2453 accusasse
704 2387 797 2472 eique
821 2385 918 2452 iidem
941 2386 1115 2452 facientem
1127 2384 1285 2451 Phineum
1305 2384 1377 2450 illos

187 2512 347 2576 caecasse,
371 2494 580 2577 Argonautas
603 2513 679 2561 vcro
703 2514 778 2560 eum
799 2492 962 2580 Aquilone
986 2513 1061 2560 aum
1085 2493 1307 2576 castigavisse.

189 2695 237 2765 τὴν
261 2693 413 2764 Δαρδάνου,
442 2696 525 2748 κατὰ
545 2696 583 2748 δέ
603 2713 692 2755 τινας
720 2693 856 2749 Ελδοδέαν
884 2695 932 2765 τὴν
959 2692 1074 2759 Κάδμου
1103 2693 1233 2764 ἀδελφὴν,
1262 2693 1299 2764 ἦς
1328 2695 1381 2748 καὶ

189 2784 291 2844 αὐτὸς
309 2785 325 2836 d
346 2782 522 2854 Σοφοκλῆς
541 2784 704 2855 μνημονεύει
723 2786 751 2837 ἐν
767 2782 970 2849 Τυμπανισταῖς,
991 2782 1049 2851 ἥτις
1066 2783 1101 2844 ἐξ
1111 2782 1380 2853 ἐπιβουλῆςτυφλώ·

191 2894 262 2927 σασα
291 2875 353 2936 τοὺς
381 2873 562 2944 Κλεοπάτρας
589 2876 692 2934 παῖδας
722 2877 767 2936 ,ἐν
785 2876 866 2944 τάφῳ
886 2872 1059 2942 καύεῖρέεν“.
1081 2899 1113 2908 -
1128 2865 1180 2939 1115)
1201 2874 1243 2926 Fr.
1263 2873 1325 2928 575.
1346 2899 1380 2908 -

191 2955 238 3028 926)
258 2965 300 3017 Fr.
315 2960 376 3018 576.
391 2991 425 2999 -
439 2957 485 3028 Μ)
505 2964 548 3016 Fr.
562 2964 622 3016 641.
656 2961 718 3016 Tam
739 2964 920 3017 detestabilem
941 2966 1078 3031 aspectum
1091 2962 1207 3016 Phineus
1226 2964 1381 3030 praebuisse

189 3052 302 3120 ridetur,
322 3057 362 3120 ut,
382 3052 428 3122 qui
447 3053 560 3122 primum
573 3053 712 3118 vidissent7
731 3054 837 3106 horrore
849 3052 961 3121 permoti
980 3068 1009 3105 se
1029 3056 1212 3106 converterent
1230 3050 1262 3104 ci.
1281 3053 1314 3104 ir.
1328 3051 1380 3104 642

188 3144 252 3197 Hes.
274 3159 294 3196 s.
315 3160 339 3195 v.
359 3143 536 3197 άπενύτισαν·
561 3143 738 3213 ἀπέστρεψαν
761 3142 795 3196 τὰ
815 3148 894 3196 νῶτα.
915 3168 949 3178 -
968 3135 1015 3206 ²⁹⁸)
1035 3142 1078 3195 Fr.
1099 3141 1160 3196 643.
1180 3168 1214 3177 -
1235 3135 1281 3206 ⁹²⁹)
1301 3140 1324 3192 A
1331 3142 1379 3210 pd.

187 3233 233 3298 ΙΙΙ,
255 3232 296 3300 15,
315 3231 333 3286 δ
352 3230 392 3298 (l)
411 3230 590 3304 Κλεοπάτραν
618 3232 650 3285 δὲ
679 3231 766 3302 ἔγημε
797 3230 897 3292 Φινεύς.
936 3226 976 3284 Ὧι
994 3231 1110 3301 γίνονται
1129 3232 1227 3291 παῖδες
1246 3231 1280 3292 ἐξ
1295 3232 1381 3297 αὐτῆς

190 3321 347 3394 Πλήξιππος
379 3322 424 3375 καὶ
453 3320 585 3375 Πανδίων.
633 3318 673 3386 (P)
703 3320 771 3393 ἔχων
805 3322 837 3374 δὲ
865 3320 978 3379 τούτους
1014 3322 1045 3372 ἐκ
1072 3316 1252 3390 Κλεοπάτρας
1280 3320 1381 3380 παῖδας

183 3408 284 3466 Ἰδαίαν
304 3412 400 3483 ἐγάμει
425 3412 472 3481 τὴν
493 3409 644 3481 Δαρδάνου.
675 3410 783 3481 κάκείνη
812 3416 864 3465 τῶν
892 3411 1031 3480 προγόνων
1060 3410 1130 3480 πρὸς
1162 3406 1241 3462 Φινέα
1269 3409 1381 3478 φδορὰν

188 3502 393 3568 καταψεύδεται
412 3498 452 3566 (3)
482 3501 526 3553 καὶ
545 3500 690 3562 πιστεύσας
713 3499 814 3565 Φινεύς,
842 3501 1019 3570 ἀμφοτέρους
1044 3501 1149 3570 τυφλοῖ.
1177 3498 1382 3569 παραπλέοντες

189 3592 222 3642 δὲ
246 3592 272 3643 οἱ
292 3586 472 3660 Ἀργοναῦται
500 3589 548 3642 σὺν
564 3587 656 3661 Βορέᾳ
683 3582 852 3651 κολάζονται
868 3589 958 3643 αὐτόν.
978 3616 1013 3626 -e
1031 3589 1141 3644 Obsture
1169 3590 1281 3651 ridetur,
1310 3590 1380 3656 quod

186 3679 282 3732 Phinei
302 3684 329 3732 et
343 3679 496 3747 Cleopatrae
514 3679 563 3731 filii
582 3680 625 3733 hio
636 3680 758 3733 Pandion
771 3685 798 3734 et
810 3679 965 3747 Plexippum,
987 3680 1061 3749 apud
1074 3678 1240 3732 scholiastem
1260 3694 1293 3730 ex
1312 3680 1380 3746 ipso,

186 3774 217 3822 ut
236 3769 282 3836 ait,
302 3769 433 3838 Sophocle
444 3768 604 3822 Parthenius
623 3775 650 3822 et
664 3769 792 3823 Crembus
804 3769 937 3824 dicuntur.
969 3769 1006 3823 At
1018 3774 1108 3838 potest
1126 3767 1270 3835 Sophocles
1289 3768 1379 3835 pueris

186 3859 296 3913 nomina
314 3859 422 3912 omnino
435 3859 509 3912 nulla
527 3859 657 3912 indidisse
677 3857 721 3925 (ci.
735 3876 802 3928 quae
816 3859 935 3925 disputat
954 3859 982 3913 C.
1002 3859 1139 3924 Rotam,
1160 3857 1220 3910 Bild
1239 3858 1295 3910 und
1313 3857 1379 3910 Lied

189 3947 255 4000 1881
276 3965 302 4016 p.
325 3948 376 4002 165
395 3952 422 4002 et
441 3965 520 4016 quem
538 3950 603 4002 citat
622 3949 653 4002 U.
673 3950 701 4002 d.
719 3949 949 4014 Wilamoultr‚
968 3949 1046 4002 Auel.
1065 3948 1157 4016 Eurip.
1176 3966 1203 4017 p.
1225 3946 1276 3999 186
1295 3948 1378 4015 legem

186 4052 244 4090 esse
273 4039 416 4106 stragicis
436 4040 598 4092 observatam
628 4045 675 4103 „ut
694 4055 793 4107 paucae
822 4042 924 4091 tantum
945 4050 1076 4108 personae
1104 4038 1263 4091 inducantur
1281 4043 1380 4090 remote

186 4128 256 4180 omni
285 4142 480 4196 supervacanee
515 4130 602 4193 turbu,
631 4128 770 4182 secundi
798 4141 873 4180 vero
902 4128 1031 4180 ordinis
1059 4142 1223 4196 personae
1250 4128 1379 4180 nomine

185 4224 274 4270 certo
299 4215 470 4282 careant“.)
498 4217 551 4271 Sed
580 4218 610 4270 in
638 4217 801 4286 argumentis
828 4220 920 4284 postea
948 4218 1097 4271 adirersis
1120 4218 1183 4270 viris
1207 4217 1291 4270 doctis
1315 4231 1379 4269 con·

184 4310 263 4377 fectis
291 4309 362 4361 varia
393 4311 501 4362 nomine
529 4309 604 4374 addi;
633 4324 713 4377 quare
744 4324 777 4362 ex
806 4309 942 4362 nominum
966 4309 1145 4378 discrepantia
1162 4306 1229 4359 nihil
1247 4306 1320 4358 eliud
1339 4320 1379 4358 se-

184 4401 282 4468 quitur,
311 4399 364 4452 nisi
393 4398 472 4452 aliam
503 4399 701 4468 Apollodorum,
729 4398 806 4452 aliam
835 4399 1004 4452 scholiastam
1032 4402 1153 4452 secutum
1172 4409 1231 4449 osse
1251 4395 1380 4448 ύπόύισυ
