3136 5078
756 312 806 396 '42

187 519 331 586 adlatum
356 521 505 610 esse,¹⁵⁷)
529 522 586 590 sed
609 543 651 588 ex
676 522 855 608 Thyiadnm
872 523 1055 591 Atticarum
1079 522 1120 589 ad
1134 523 1252 590 Bacchi
1274 526 1375 592 festos

186 627 222 692 in
237 627 395 695 Parnasso
411 629 618 697 celebrandos
635 631 813 713 itineribus,
839 651 922 719 quae
944 635 1042 698 etiam
1059 630 1213 698 Dauliam
1229 633 1375 715 attigisse

186 735 412 824 videntur.1⁵⁸)

280 843 383 920 Quam
400 845 439 912 ob
456 846 670 912 arctissimam
688 845 779 912 Terei
796 867 868 912 cum
883 846 1000 914 Bacchi
1016 848 1098 914 festo
1120 848 1387 940 coniunctionem)

186 951 451 1036 haud„scio.,„.an
485 974 549 1019 non
584 955 770 1036 genuinam¹
796 955 877 1020 hanc
917 975 989 1022 esse
1025 953 1196 1020 Thraciam
1234 954 1375 1021 fabulam

93 1058 96 1065 “
187 1028 416 1143 indicaremus,
446 1061 510 1127 nisi
540 1082 635 1147 quam
666 1066 790 1146 partem
822 1063 953 1129 aliunde
977 1066 1081 1129 ortam
1104 1062 1170 1128 alia
1191 1062 1376 1128 testimonia

187 1167 370 1252 probarent.

673 1317 889 1326 Ἣ

767 1480 808 1542 2.,

276 1597 402 1680 Fabula
424 1597 463 1663 de
486 1598 642 1664 lusciniae
665 1598 806 1665 facinore
830 1604 863 1666 et
885 1600 1017 1685 querela
1039 1605 1077 1666 ut
1105 1607 1206 1687 prope
1236 1601 1275 1667 ab
1306 1621 1374 1666 om·

185 1705 280 1770 nibus
309 1705 411 1770 totius
439 1705 644 1791 antiquitatis
673 1707 778 1791 poetis
809 1710 859 1771 est
888 1705 1068 1787 decantata,
1104 1711 1150 1772 ita
1180 1706 1374 1773 nobilissimi

100 1814 101 1818 ’
184 1815 252 1877 tres
287 1812 404 1894 tragici
431 1811 1208 1900 incelebrandaeaintersecenaverunc.1⁵⁹)
1266 1815 1375 1900 Atque

185 1917 396 2000 gravissimus
425 1923 476 1985 est
503 1918 692 2004 Aeschyli
719 1919 754 1984 in
783 1918 989 2007 Supplicibus
1023 1920 1125 2002 locus,
1160 1922 1217 2007 qui
1251 1923 1374 2008 primus

186 2023 279 2091 Terei
305 2046 421 2090 nomen
453 2026 595 2093 exhibet.
604 2025 664 2112 16θ)
717 2025 894 2109 „Crederes
929 2032 961 2094 te
997 2026 1108 2094 audire
1143 2047 1253 2096 vocem
1283 2027 1374 2094 Terei

185 2134 298 2198 uxoris
321 2133 412 2200 illius
436 2132 625 2199 detestabile
650 2134 819 2199 consilium
842 2154 949 2215 ausae,
977 2135 1146 2200 lusciniam
1171 2134 1253 2217 dico,
1278 2155 1374 2220 qnam

185 2243 364 2307 insectatur
397 2243 567 2327 accipiter3
603 2262 684 2327 quae
715 2262 735 2306 a
763 2246 916 2308 consueta
945 2242 1086 2308 fluminis
1114 2243 1187 2327 ripa
1214 2241 1375 2329 prohibita

186 2373 261 2419 cum
295 2371 411 2417 novam
448 2349 592 2434 (amissi)
629 2347 784 2414 domicilii
819 2350 984 2415 miseriam
1018 2351 1173 2434 queritur,
1208 2354 1280 2415 tum
1317 2350 1373 2415 filii

185 2463 323 2526 mortem
347 2458 443 2539 canit,
473 2476 535 2544 quo
560 2455 654 2521 modo
679 2457 783 2542 ipsius
808 2477 906 2522 manu
929 2477 986 2543 per
1009 2456 1219 2542 parricidium
1243 2458 1372 2524 interie-

185 2568 238 2649 rit,
268 2586 343 2632 cum
370 2567 474 2633 malae
504 2566 639 2632 subierit
666 2567 780 2632 matris
807 2566 923 2632 iram.“
970 2565 1036 2631 lam
1066 2567 1164 2649 igitur
1190 2565 1375 2650 Aeschylus

184 2675 287 2740 filium
322 2675 428 2760 (cuius
463 2693 580 2738 nomen
611 2671 683 2757 Ityn
710 2677 823 2739 notum
852 2676 882 2739 ei
910 2673 1011 2740 fuisse
1039 2672 1091 2738 uel
1118 2672 1373 2756 Agamemnonis

184 2779 276 2849 locus
293 2781 507 2866 demonstrat)
516 2779 574 2866 161)
593 2785 731 2846 amatre
747 2800 811 2845 non
827 2800 904 2846 casu
920 2780 1029 2866 aliquo
1045 2781 1166 2846 infelici
1183 2785 1240 2846 aut
1256 2775 1372 2861 errore,

185 2888 245 2975 (δι’
267 2888 450 2976 ἀφραδίας),
476 2886 534 2952 sed
557 2886 704 2952 consulto
727 2890 877 2952 necatum
899 2887 1000 2966 novit,
1025 2907 1090 2972 qua
1112 2887 1146 2951 in
1169 2907 1203 2952 re
1228 2887 1373 2970 congruit

185 3015 258 3061 cum
283 2994 449 3083 Sophocle,
479 2999 514 3058 at
542 2991 715 3059 dissentire
738 2992 866 3058 videtur
890 3014 910 3059 a
933 2993 1094 3080 prioribus
1117 2996 1233 3080 poetis.
1280 2993 1373 3059 Terei

184 3102 329 3168 fabulam
357 3103 398 3168 ab
422 3101 584 3185 Aeschylo
613 3101 745 3187 propria
774 3100 942 3182 tragoedia
970 3100 1163 3167 celebratam
1187 3103 1287 3169 fuisse
1310 3120 1373 3167 non

181 3211 319 3276 nimiam
354 3207 665 3276 verisimilitudinem
701 3209 818 3275 habere
842 3207 1060 3295 vidimus.¹⁶²)
1107 3211 1217 3295 Atque
1247 3213 1373 3276 etiamsi

185 3412 222 3478 X,
241 3415 267 3474 4,
292 3415 300 3463 l
325 3411 466 3465 Δαυλιεῦσι
485 3411 517 3462 δὲ
534 3405 648 3479 Ἀθηνᾶς
666 3410 798 3480 ἱερὸνκαὶ
812 3407 922 3478 ἄγαλμά
942 3410 1012 3462 ἐστιν
1030 3411 1156 3481 ἀρχαῖον·
1176 3411 1207 3463 τό
1228 3411 1260 3462 δὲ
1280 3410 1376 3469 ξόανον

186 3501 218 3553 τὸ
247 3499 288 3553 ἔτι
315 3500 494 3571 παλαιότερον
525 3497 567 3563 (li)
596 3499 716 3568 λέγουσιν
748 3497 938 3567 ἐπαγαγέσθαι
970 3496 1094 3569 Πρόκνην
1124 3499 1159 3558 ἐξ
1184 3494 1307 3568 Ἀθηνῶν.
1340 3525 1374 3533 -

188 3582 232 3652 ¹⁵⁸)
252 3589 346 3641 Pauo.
360 3589 397 3653 X,
416 3589 443 3654 4,
459 3589 476 3642 3
496 3589 550 3656 qui,
569 3595 600 3641 ut
613 3588 671 3641 eius
684 3587 848 3640 consuetudo
866 3587 926 3653 fert,
945 3589 979 3641 ab
992 3589 1058 3656 ipsis
1072 3588 1237 3654 Thyiadibus
1251 3588 1375 3641 edoctum

185 3693 214 3730 se
235 3677 313 3731 dicit:
332 3679 361 3729 αἱ
380 3678 412 3729 δὲ
431 3678 544 3737 θυιόόες
555 3680 680 3747 γυναῖκες
691 3675 742 3742 μέν
762 3677 825 3728 εἰσιν
840 3672 961 3740 Ἀττικαί,
981 3680 1112 3745 φοιτῶσαι
1132 3677 1165 3728 δὲ
1190 3677 1219 3735 ἐς
1237 3677 1283 3728 τόν
1303 3673 1375 3746 Παρ-

186 3767 265 3818 νασόν
293 3767 368 3836 παρὰ
398 3765 461 3826 ἔτος
479 3767 563 3821 αὐταί
578 3785 608 3819 τε
627 3766 672 3819 καὶ
691 3767 720 3818 αἱ
738 3770 862 3835 γυναῖκες
882 3765 994 3836 Δελφῶν
1022 3763 1129 3835 ἄγουσιν
1158 3766 1236 3836 dyona
1256 3765 1375 3836 Διονύσῳ

188 3858 242 3908 xri.
281 3844 652 3925 of.1capp1.1.p.¹7.-
675 3849 718 3920 ¹⁵⁹)
737 3857 904 3923 Tragicorum
933 3857 1005 3910 locos
1032 3856 1141 3923 collegit
1168 3853 1313 3907 We'lcker
1336 3870 1375 3922 gr·

186 3945 229 3997 Tr.
249 3945 261 3998 I
280 3962 307 4013 p.
326 3941 420 4015 37516.
440 3971 472 3982 -
496 3939 540 4011 l⁸⁰)
560 3947 674 3999 Aesch.
704 3946 797 4013 Suppl.
826 3944 861 3998 56
891 3945 1006 4006 δοξάσαι
1034 3963 1073 4004 τις
1100 3943 1298 4009 ἀκούεινΙόπα
1328 3946 1377 4003 τᾶς

190 4031 306 4104 Τηρεΐας
322 4034 326 4101 Ι
342 4036 456 4106 μήτιδας
474 4037 585 4106 οἰκτρᾶς
612 4034 712 4106 ἀλόχου
729 4032 734 4100 Ι
751 4034 912 4104 κιρκηλάτου
932 4030 953 4088 τ’
975 4034 1104 4103 ἀηδόνας·
1123 4034 1128 4102 Ι
1144 4029 1184 4088 ἅτ’
1207 4035 1262 4087 ἀπό
1277 4034 1376 4105 χώραν

187 4129 316 4188 ποταμῶν
341 4120 361 4178 τ’
389 4121 545 4195 ἐργομέναΙ
566 4122 624 4189 (60)
646 4126 744 4177 πενθεῖ
760 4125 819 4176 νέον
838 4123 925 4177 οἶκτον
944 4124 1036 4193 ἠθέων
1051 4121 1056 4189 Ι
1072 4125 1210 4193 συντίθησι
1228 4124 1261 4175 δὲ
1280 4123 1378 4182 παιδός

185 4212 281 4281 μόρον,
310 4215 348 4274 ῶς
375 4214 536 4283 αὐτοφόνως
551 4213 556 4280 Ι
573 4212 659 4266 ὤλετο
690 4214 760 4283 πρὸς
775 4214 869 4283 χειρὸς
889 4214 955 4266 ἕθεν
970 4211 975 4276 Ι
992 4215 1164 4284 δυσμάτορος
1183 4212 1264 4264 κότου
1283 4210 1393 4281 τυχόν..

188 4328 221 4339 -
243 4295 289 4365 ¹⁶¹)
308 4305 425 4357 Aesch.
445 4304 495 4372 Ag.
518 4303 596 4356 1094.
624 4329 659 4339 —
692 4296 736 4366 ¹⁸²)
765 4301 857 4369 Neque
885 4319 942 4356 eam
972 4304 1006 4357 ob
1035 4319 1141 4356 causam
1172 4303 1282 4354 dubium
1310 4299 1376 4351 illud

185 4393 361 4461 fragmentum
376 4389 497 4460 [doech]
508 4392 560 4446 297
575 4390 689 4458 (Nauck)
703 4391 835 4459 Aeschylo
848 4394 998 4446 necessario
1012 4398 1053 4446 est
1066 4391 1248 4455 tribuendum,
1267 4388 1337 4457 quod
1350 4397 1377 4440 et
