3136 5078
454 863 712 940 ADDENDA
738 864 801 939 ET
830 864 1177 943 OORRIGENDA.

315 1167 369 1234 Ad
391 1187 423 1254 p.
450 1171 502 1236 15.
541 1165 663 1252 Hymni
686 1168 720 1239 iu
744 1166 814 1235 Cer.
839 1190 891 1234 vv.
917 1173 1048 1238 aee-7
1073 1169 1110 1236 0.
1128 1171 1308 1255 Orosius,
1334 1169 1408 1238 Bei-

225 1284 318 1362 trtge
334 1297 392 1374 zur
407 1274 629 1358 griechischen
641 1273 840 1361 Mythologie
851 1276 918 1342 und
929 1275 1288 1362 Religionsgeschichte,
1300 1299 1407 1366 progr.

224 1404 332 1472 gymn.
358 1380 471 1449 Thom.
494 1380 655 1468 Lipsiens.
683 1388 769 1453 1886
798 1404 831 1470 p.
856 1389 900 1453 20
932 1385 974 1450 ad
1004 1386 1061 1451 illa
1083 1405 1211 1472 pugnae
1235 1386 1409 1453 simulacra

224 1496 369 1580 spectare
393 1489 542 1572 ostendit,
578 1510 659 1576 quae
693 1492 728 1556 in
751 1492 883 1558 rusticis
905 1492 997 1558 iestis
1022 1513 1117 1579 saepe
1140 1493 1295 1575 redirent3
1329 1493 1408 1561 haec

223 1621 297 1668 cum
313 1598 437 1665 duobus
453 1598 649 1665 testimoniis
666 1597 705 1664 de
720 1599 805 1665 festo
822 1604 856 1665 et
870 1598 1024 1669 Eleusine
1047 1600 1140 1686 (Ath.
1156 1600 1202 1666 lx
1224 1622 1256 1688 p.
1277 1606 1342 1670 406
1360 1602 1408 1689 d.)

223 1715 257 1776 et
272 1706 410 1773 Athenis
426 1704 520 1792 (Hes.
537 1725 561 1772 s.
578 1727 608 1771 u.
623 1707 795 1796 βαλλητύς)
820 1710 902 1790 acto,
927 1709 978 1773 cui
1000 1726 1118 1775 nomen
1132 1710 1289 1799 βαλλητύς
1300 1713 1407 1792 ‘esset

225 1812 454 1898 coniungenda.
501 1814 647 1899 Aequis
671 1819 768 1898 neget
790 1817 879 1905 τιμὴν
903 1814 1035 1903 ἄφθιτον
1058 1816 1158 1899 illam,
1189 1837 1287 1903 quam
1311 1816 1408 1884 Geras

225 1925 356 1992 alumno
381 1942 439 1988 suo
464 1919 726 1989 antecedentibus
750 1924 897 1990 versibus
922 1923 1095 1991 vaticinata
1119 1929 1177 2006 cst,
1212 1926 1321 2011 aptius
1344 1944 1407 1990 non

222 2052 318 2120 posse
342 2030 497 2117 explicari
513 2050 609 2115 quam
632 2031 717 2113 festi,
741 2031 831 2097 cuius
855 2032 1067 2098 caerimoniae
1091 2036 1179 2098 certe
1202 2031 1258 2098 diu
1281 2052 1408 2098 manse-

223 2141 298 2223 rint,
316 2138 619 2205 commemoratione
636 2157 695 2205 seu
710 2176 755 2186 —
771 2158 886 2224 nempe
899 2137 959 2204 dea
971 2139 1114 2226 loquitur
1125 2177 1168 2190 —
1181 2140 1407 2207 institutione?

227 2246 280 2315 Sic
303 2245 562 2332 interpolationis
586 2243 775 2312 statuendae
799 2247 977 2313 necessitas
999 2247 1137 2313 feliciter
1160 2251 1211 2314 est
1234 2239 1373 2314 sublata.

313 2352 367 2418 Ad
390 2375 422 2440 p.
444 2357 496 2422 62.
537 2350 588 2419 De
610 2352 791 2419 fabularum
817 2353 1027 2439 scriptoribus
1052 2355 1107 2440 qui
1122 2351 1236 2420 Phinei
1257 2375 1311 2422 res
1334 2375 1421 2420 uar-·

222 2465 375 2530 caverunt
409 2460 477 2543 egit
511 2457 577 2526 Ed.
603 2458 818 2542 Schwartz,
854 2460 903 2528 De
938 2459 1095 2549 Dionysio
1126 2460 1406 2548 Scytobrachione‚

222 2593 254 2658 p.
281 2574 334 2652 14,
359 2572 504 2652 27-30‚
534 2570 589 2655 qui
618 2570 715 2635 ctiam
747 2568 892 2657 Orphei
923 2571 1089 2656 personati
1118 2573 1407 2654 Argonautico-

222 2700 305 2745 rum
331 2677 370 2743 de
386 2677 507 2743 Phineo
523 2677 741 2743 narrationem
757 2676 799 2742 ad
815 2662 1026 2764 Sophocleam
1050 2678 1207 2761 originem
1230 2679 1406 2757 revocavit3

80 2843 83 2847 f
223 2806 418 2873 quamquam
456 2785 573 2867 „vilem
607 2785 707 2851 istum
738 2789 869 2871 poetam
892 2805 932 2850 ne
956 2785 1087 2867 linguae
1111 2784 1239 2871 quidem
1265 2784 1407 2852 Graecae

81 2892 84 2900 ’
189 2893 194 2898 ’
223 2895 303 2960 satis
327 2893 468 2978 peritum
497 2898 530 2957 et
555 2896 643 2957 certa
671 2892 824 2957 historiae
851 2891 1007 2957 fabularis
1030 2891 1198 2957 notitia..
1223 2899 1406 2960 carentem“

222 3022 285 3067 non
309 3002 415 3086 ipsam
437 2998 635 3081 tragoediam
658 2999 789 3081 legisse,
813 2998 871 3064 sed
896 2995 1011 3080 „docto
1029 2998 1136 3084 aliquo
1153 3003 1298 3066 veterum
1314 3001 1407 3066 fabu-

222 3109 326 3174 larum
349 3107 502 3173 thesauro
525 3126 624 3173 usum
648 3112 739 3173 esse“
767 3106 847 3172 satis
869 3107 1080 3193 probabiliter
1103 3108 1248 3175 coniecit.

311 3211 364 3281 Ad
386 3236 419 3302 p.
445 3220 487 3283 77
517 3235 548 3284 n.
574 3219 650 3285 288.
709 3212 773 3280 Hic
808 3215 947 3282 alterum
984 3235 1110 3302 quoque
1144 3215 1269 3281 Plinii
1303 3215 1408 3280 locum

223 3324 385 3391 ascribere
425 3324 517 3411 potui
551 3344 583 3388 n.
612 3322 644 3389 h.
673 3323 727 3406 IV,
759 3330 813 3405 44,
850 3324 906 3408 qui
940 3323 973 3387 in
1011 3320 1201 3408 Scytharum
1235 3322 1407 3390 Aroterum

221 3432 339 3497 finibus
369 3432 402 3496 in
433 3431 675 3518 septentrionali
699 3427 856 3496 Thraciae
885 3432 976 3515 parte
1001 3429 1154 3517 oppidum
1178 3433 1408 3496 commemorat

223 3537 406 3616 Geraniam,
432 3537 496 3619 ,ubi
513 3537 746 3623 Pygmaeorum
770 3556 857 3623 gens¹
872 3537 972 3602 fuisse
988 3537 1144 3623 proditur.
1185 3536 1312 3603 Catizos
1336 3537 1407 3602 bar-

219 3644 292 3711 bari
316 3645 475 3710 vocabant
498 3645 695 3730 creduntque
719 3665 738 3710 a
761 3643 894 3727 gruibus
917 3644 1070 3727 fugatos‘.

537 4438 607 4492 Typls
622 4438 735 4491 expressit
749 4437 826 4480 Julius
841 4434 971 4486 sittenrald,
986 4436 1098 4480 Barcllnl.
