3136 5078
767 305 786 365 2
821 306 822 311 ι

186 513 260 579 spes
285 492 448 560 abicienda
472 493 618 561 videatur
641 494 761 580 aliquid
786 497 866 561 certi
890 495 1032 562 eruendi.
1090 493 1270 562 Notissima
1292 504 1368 564 sunt

185 621 265 686 quae
290 621 434 666 summus
457 601 506 666 vir
522 639 563 648 —
581 600 698 668 Christ.
715 601 799 685 Aug.
816 600 982 688 Looeck2)
1000 642 1042 650 -
1060 602 1100 668 de
1115 601 1290 669 Eleusiniis
1319 605 1367 670 fa-

184 706 270 773 bulis
295 708 425 773 statuit:
458 759 487 790 „.
506 759 540 773 ..
564 709 611 774 ita
640 709 728 774 varie
756 708 876 774 tradita
905 729 975 776 esse
1003 714 1041 774 ut
1074 710 1285 775 manifestum
1306 711 1370 775 liat

184 813 307 879 nullum
336 814 530 881 tradentium
563 815 696 881 alterius
720 836 755 882 se
778 816 988 882 obstrinxisse
1012 818 1220 898 auctoritate,
1252 816 1369 882 nedum

184 927 222 987 ut
245 942 355 987 omnes
379 941 420 987 ex
443 924 604 988 communi
628 923 768 1009 quodam
797 924 884 989 fonte
913 923 1093 1004 hauserint3
1134 943 1196 1009 quo
1224 944 1288 990 uno
1312 943 1369 988 ex-

185 1029 291 1115 emplo
320 1049 361 1095 ex
390 1030 675 1096 innumerabilibus
711 1030 833 1096 delecto
867 1030 1014 1113 arguitur
1048 1050 1158 1096 eorum
1190 1032 1368 1112 temeritas,

186 1137 241 1221 qui
277 1157 318 1202 ex
352 1138 451 1202 variis
486 1137 751 1223 discordibusque
785 1142 954 1224 poetarum
994 1142 1026 1203 et
1062 1137 1369 1224 mythographorum

184 1244 434 1309 narratiunculis
463 1245 615 1330 antiquae
637 1245 744 1310 famae
767 1246 903 1311 formam
928 1249 960 1310 et
982 1245 1076 1330 quasi
1102 1245 1296 1310 lineamenta
1319 1263 1369 1309 re-

188 1352 337 1434 cognosci
359 1372 455 1439 posse
480 1357 630 1438 sperant“
650 1402 657 1416 .
676 1403 683 1417 .
703 1403 736 1419 ..
763 1352 863 1434 „haec
886 1370 996 1417 omnes
1020 1351 1285 1432 chronologorum
1308 1351 1369 1415 cir-

185 1460 273 1525 culos
297 1459 505 1540 conturbant3
539 1460 677 1526 rationes
701 1460 822 1540 iacent,
854 1459 930 1525 silet
951 1458 1123 1540 iudicium,
1156 1456 1236 1543 quid
1259 1461 1368 1540 agant,

184 1567 363 1632 nesciunt.“

275 1671 341 1739 Sed
363 1694 404 1739 ne
427 1673 502 1740 talis
528 1674 587 1740 viri
610 1675 785 1741 auotoritas
809 1675 848 1741 ab
873 1672 1031 1739 eiusmodi
1055 1671 1170 1738 studiis
1194 1670 1371 1738 deterreret

186 1801 295 1847 omnes
320 1785 431 1846 cautos
455 1784 488 1846 et
504 1780 724 1847 consideratos
745 1780 890 1847 homines
916 1817 957 1829 -
982 1780 1249 1876 nempefuerunt
1272 1778 1371 1844 etiam

185 1887 279 1954 multi
314 1907 454 1973 semper,
488 1888 543 1974 qui
574 1888 792 1954 incertissima
814 1887 1021 1973 potissimum
1045 1886 1126 1953 scire
1150 1891 1303 1971 cuperent
1329 1926 1370 1936 -

184 1994 325 2061 maxime
348 1995 495 2061 effecisse
512 1994 640 2060 videtur
656 1991 852 2060 Graecarum
868 1994 1049 2060 fabularum
1066 1994 1210 2080 ipsarum
1232 1993 1372 2079 iamper

185 2122 221 2168 se
244 2101 396 2183 studium,
422 2121 502 2186 quae
527 2107 636 2167 essent
659 2105 692 2167 et
707 2103 812 2188 qualis
837 2122 947 2168 earum
971 2101 1141 2188 natura.²²)
1177 2097 1260 2165 Sunt
1284 2100 1371 2164 enim

185 2229 250 2275 non
274 2209 381 2274 omnia
403 2210 500 2274 unius
524 2209 660 2292 generis,
685 2209 742 2275 sed
756 2210 847 2297 ipsae
864 2230 958 2276 suam
973 2210 1101 2290 habent,
1124 2212 1163 2273 ut
1186 2207 1233 2273 ita
1256 2205 1370 2287 dicam,

187 2316 370 2398 historiam3
407 2317 506 2382 variis
537 2315 577 2382 dc
606 2300 713 2382 causis
737 2322 827 2383 ortae
851 2322 926 2384 sunt
958 2322 991 2382 et
1013 2315 1150 2383 diversis
1173 2313 1371 2400 temporibus

187 2421 314 2487 diverse
341 2422 490 2488 traditae.
537 2421 608 2490 Hoc
643 2444 768 2510 semper
796 2425 1032 2512 respiciendum
1064 2424 1139 2504 erit,
1176 2423 1204 2488 si
1233 2421 1373 2509 quanti

185 2531 333 2596 volumus
356 2531 621 2617 qualemcumque
651 2530 693 2596 ad
726 2533 832 2599 finem.
890 2533 941 2598 Ao
962 2533 1060 2619 primi
1083 2534 1169 2598 certe
1183 2521 1373 2596 dabnlaruni

185 2637 292 2703 fontes
316 2641 447 2704 suntet
470 2637 603 2704 deorum
628 2639 734 2704 cultus
757 2644 792 2706 et
815 2660 896 2724 qnae
912 2660 953 2705 ex
969 2645 1077 2704 vetere
1101 2659 1161 2703 sua
1182 2637 1316 2704 historia
1333 2635 1373 2702 de

186 2744 307 2826 origine
334 2744 430 2810 rebus
458 2728 560 2828 gestis
595 2745 686 2811 bellis
721 2747 968 2828 migrationibus
1002 2744 1104 2830 deque
1131 2745 1173 2810 iis
1208 2743 1370 2827 gentibus,

186 2852 376 2936 quibuscum
400 2873 457 2937 per
480 2873 592 2938 pacem
615 2858 672 2918 aut
696 2852 814 2919 bellum
837 2854 946 2939 aliqua
969 2850 1167 2918 consuetudo
1191 2851 1222 2916 ei
1245 2850 1371 2931 inisset,

186 2959 408 3043 unusquisque
430 2960 568 3045 populus
592 2944 748 3026 memoria
770 2960 915 3027 retinuit.

275 3063 365 3130 Haec
389 3066 475 3131 varie
499 3067 564 3131 iam
593 3066 715 3133 tradita
738 3073 813 3134 sunt
837 3089 856 3134 a
879 3068 984 3155 poetis
1009 3066 1109 3153 epicis
1141 3064 1250 3150 lyricis
1283 3083 1389 3133 scae.

185 3172 277 3254 uicis,
301 3176 339 3237 ut
362 3171 401 3237 de
425 3173 528 3240 doctis
555 3175 620 3240 illis
648 3174 877 3242 Alexandrinis
898 3180 1034 3257 taceam,
1058 3174 1113 3260 qui
1139 3173 1205 3237 iam
1233 3174 1373 3259 ἀμάρτυ-

183 3304 242 3367 ρον
277 3280 368 3346 οὐδὲν
391 3282 590 3362 cecinerunt,
627 3302 823 3369 quamquam
858 3283 1043 3348 efontibus
1068 3280 1148 3347 satis
1177 3279 1373 3346 absconditis

187 3407 283 3474 saepe
307 3387 498 3468 hauserunt3
530 3393 735 3454 mutarerunt
758 3388 860 3454 multa
883 3387 1067 3474 philosophi
1092 3392 1188 3472 atque
1212 3386 1374 3466 historici3

186 3493 325 3577 denique
348 3494 396 3558 illi
419 3495 556 3570 fuerunt,
581 3495 636 3578 qui
660 3498 804 3560 veterum
821 3499 854 3560 et
875 3497 1089 3561 recentiorum
1112 3498 1277 3561 auctorum
1302 3514 1374 3558 sen-

187 3600 304 3666 tentias
333 3600 524 3686 simpliciter
557 3601 755 3684 collegerunt
785 3623 821 3668 ac
845 3603 983 3668 breviter
1005 3623 1058 3685 ea,
1095 3621 1160 3686 qua
1183 3600 1373 3665 notissimae

189 3713 289 3788 erant,
313 3708 484 3773 forma-
513 3709 748 3791 tragoediarum
774 3711 915 3776 maxime
944 3713 1133 3794 argumenta
1155 3706 1305 3789 intellego
1331 3745 1373 3755 -

189 3813 307 3879 additis
336 3836 433 3903 saepe
462 3821 607 3882 veterum
630 3822 797 3905 poetarum
827 3821 859 3883 et
888 3818 1024 3884 aliorum
1055 3821 1221 3884 auctorum
1254 3813 1374 3880 discre-

187 3923 306 4007 pantiis
322 3923 449 3988 fabulas
473 3923 667 4005 retulerunt3
694 3964 735 3973 -
752 3927 884 3991 unicum
906 3925 956 3991 ilh'
972 3929 1118 3991 nostrum
1134 3922 1294 4004 refugium
1318 3920 1375 3986 ubi

189 4029 372 4113 antiquiora
394 4037 604 4099 monumenta
627 4033 799 4118 perierunt.

280 4277 301 4346 ²)
321 4283 462 4351 Lobcclr‚
490 4286 550 4354 Agl.
569 4303 595 4354 p.
616 4285 707 4354 ailla.
738 4316 771 4324 —
803 4283 835 4353 2·)
865 4289 896 4341 cf.
920 4289 948 4340 in
967 4244 1117 4341 universum
1136 4287 1169 4338 ll.
1189 4286 1311 4352 haym,
1336 4281 1374 4332 De

190 4372 323 4438 Euripidis
343 4375 508 4441 mythopoeia
527 4377 613 4443 capita
632 4377 693 4443 duo,
717 4379 802 4431 Berol.
825 4376 893 4431 1883
921 4395 948 4445 p.
967 4379 993 4430 4.
1014 4377 1038 4431 5.
1068 4403 1101 4412 -
