3136 5078
779 315 819 378 16

202 509 379 589 cruentum,
403 513 442 573 ut
465 506 602 589 videtur,
629 512 663 572 et
687 528 772 593 quae·
793 512 913 589 secuta,
938 529 1003 595 pax
1020 514 1053 576 et
1066 530 1170 578 novus
1187 533 1293 579 rerum
1310 513 1386 582 ordo

202 614 343 678 omnium
367 615 491 681 animos
515 620 687 682 tenuerunt
709 617 851 701 priorum
877 618 942 683 iam
964 618 1151 686 incuriosos.

240 737 244 744 ’
291 721 388 806 Apud
411 723 626 790 Athenienses
649 725 748 807 igitur
770 725 890 807 bellum
913 724 1112 793 Eleusinium
1136 732 1211 794 tunc
1233 730 1387 817 temporis

203 829 343 893 maxime
372 834 423 896 est
451 832 655 897 celebratum.
711 829 808 897 Cuius
837 833 885 898 rei
910 834 1148 900 nobilissimum
1178 836 1243 901 fuit
1284 838 1386 902 moni-

202 940 344 1002 mentum
368 936 613 1005 Erechthcus
643 937 882 1025 Euripidens
911 979 955 990 —
984 943 1106 1007 utinam
1134 943 1229 1028 plura
1258 964 1298 1008 ex
1325 944 1387 1010 hac

199 1044 365 1126 tragoedia
389 1050 527 1113 aetatem
552 1047 716 1112 tulissent!
743 1085 785 1095 -
815 1046 872 1112 sed
897 1049 972 1133 quia
996 1049 1136 1131 tragicos
1161 1070 1289 1138 semper
1312 1051 1384 1136 plus

200 1153 304 1218 minus
350 1154 384 1218 in
430 1154 549 1220 fabulis
594 1173 730 1220 novasse
777 1156 906 1237 scimus,
954 1155 1016 1221 duo
1055 1156 1163 1242 paullo
1204 1160 1385 1244 antiquiora

199 1262 277 1326 artis
305 1263 511 1343 monimenta,
547 1281 628 1346 quae
670 1261 711 1326 ad
733 1245 818 1327 illud
849 1265 1009 1329 certamen
1040 1265 1213 1349 pertinent,
1248 1263 1385 1331 libenter

198 1367 382 1455 accipienda
405 1373 494 1434 sunt:
520 1371 647 1433 statuae
672 1369 795 1433 scilicet
817 1366 989 1434 Erechthei
1013 1374 1047 1435 et
1069 1369 1219 1456 Eumolpi
1241 1373 1326 1436 inter
1350 1393 1384 1438 se

198 1477 414 1562 pugnantium
432 1497 452 1541 a
467 1474 599 1561 Myrone
607 1473 650 1561 ⁵¹)
668 1477 841 1557 coniectae,
864 1483 898 1542 et
914 1477 1096 1563 anaglypha
1116 1477 1232 1545 Thesei
1240 1477 1282 1564 12)
1300 1480 1385 1564 quod

198 1588 328 1650 vocatur
350 1583 474 1667 templi.

262 1691 353 1756 ‘lam
388 1691 487 1772 igitur
521 1689 560 1756 de
590 1688 758 1777 Euripidis
786 1689 964 1757 Erechtheo
972 1690 1016 1776 ⁵³)
1045 1693 1106 1757 erit
1141 1691 1379 1777 disputandum,

197 1818 278 1883 quae
301 1798 411 1863 fabula
426 1797 510 1883 apud
524 1802 670 1883 posteros
691 1799 808 1863 mirum
826 1803 984 1884 quantum
1006 1799 1116 1881 valuit,
1141 1803 1176 1864 ut
1198 1801 1254 1865 vix
1271 1821 1382 1886 quem-

195 1927 293 1992 quam
306 1888 377 1973 eam
388 1908 561 1989 ignorasse,
577 1906 686 1986 immo,
705 1907 898 1992 quicumque
910 1907 986 1972 belli
999 1906 1156 1974 Eleusinii
1170 1907 1378 1986 meminisset,

196 2014 236 2079 ab
260 2035 298 2080 ea
320 2013 459 2100 pendere
482 2032 619 2097 eamque
641 2017 745 2078 totam
770 2013 860 2097 sequi
887 2014 1094 2079 manifestum
1125 2019 1220 2080 esset.
1268 2014 1379 2100 Neque

193 2142 270 2189 vcro
286 2126 360 2207 post
374 2119 568 2187 Welckeri
585 2119 745 2201 egregiam
763 2118 1060 2205 disputationem54)
1085 2140 1277 2206 quamquam
1302 2142 1380 2186 non·

193 2247 357 2313 nunquam
382 2245 507 2292 errasse
531 2229 590 2291 aut
613 2225 769 2290 audacius
792 2226 901 2311 paullo
919 2226 1080 2293 divinasse
1096 2228 1202 2293 virum
1219 2248 1379 2294 summurn

195 2340 228 2401 et
254 2335 306 2400 hic
335 2338 367 2400 et
394 2335 473 2400 alias
503 2332 715 2398 confitendum
747 2338 806 2414 est,
843 2335 1064 2419 quaestionem
1100 2335 1139 2401 ab
1174 2336 1300 2418 integro
1329 2358 1379 2402 re-

193 2447 331 2507 tractare
354 2441 387 2506 in
412 2443 517 2507 animo
541 2440 622 2505 mihi
645 2445 712 2518 est;
738 2461 818 2526 quae
843 2442 886 2508 ad
909 2443 1110 2527 propositum
1132 2448 1280 2508 nostrum
1304 2465 1377 2530 per-

192 2549 304 2630 tinent,
329 2570 367 2616 ca
390 2568 534 2633 premere
559 2548 640 2612 satis
664 2547 736 2612 erit.

278 2659 361 2723 Acta
384 2676 454 2723 esse
478 2655 587 2721 fabula
611 2654 737 2720 videtur
760 2654 866 2740 paullo
885 2659 973 2721 ante
989 2655 1101 2722 Niciae
1117 2677 1231 2742 pacem
1248 2660 1291 2742 (a.
1310 2664 1371 2727 421

191 2786 210 2829 a
233 2764 306 2831 Chr.
331 2768 380 2851 n.)
405 2784 478 2829 oum
503 2783 614 2828 omnes
640 2762 801 2827 diutinum
825 2762 944 2828 bellum
968 2763 1162 2844 fastidirent,
1191 2783 1303 2846 pacem
1328 2785 1377 2829 re-

190 2871 406 2958 quirerent⁵⁵>
441 2868 655 2935 Restituenda
678 2872 728 2934 est
752 2887 793 2932 ex
815 2868 1013 2950 fragmentis,
1037 2888 1132 2954 porro
1157 2889 1197 2934 ex
1220 2871 1377 2956 posterio-

188 2999 258 3044 rum
286 2974 645 3044 commemorationibus
675 2978 838 3041 cralorum
866 2976 1007 3040 maxime
1031 2980 1197 3042 eteorum
1227 2978 1282 3062 qui
1316 2977 1375 3044 hos

189 3086 373 3167 imitantur,
398 3084 535 3169 denique
551 3102 568 3148 e
583 3082 837 3168 mythographis,
861 3103 942 3169 quos
959 3082 1036 3149 data
1058 3103 1155 3170 opera
1175 3084 1304 3152 fabulae
1327 3106 1378 3151 ar-

189 3198 376 3275 gumentum
406 3211 555 3259 enarrare
585 3197 731 3278 apparet.
792 3189 883 3268 Quod
919 3211 953 3256 se
990 3190 1174 3258 exhibuisse
1209 3196 1378 3279 profitetur

191 3300 390 3388 Lycurgus
415 3298 591 3385 orator356)
627 3299 830 3386 expressisse
854 3299 950 3366 etiam
975 3296 1266 3384 Apollodori57)
1291 3301 1377 3384 (qui-

187 3497 221 3567 51)
240 3503 281 3554 Ex
299 3500 551 3555 Wilamowitzii
571 3497 636 3564 (1.1.
656 3516 682 3566 p.
703 3496 766 3563 126)
786 3498 927 3562 sententia,
946 3513 1024 3565 quarn
1044 3498 1208 3551 dubitatione
1228 3499 1299 3552 haud
1318 3514 1376 3552 esse

186 3593 329 3645 immunem
350 3590 413 3642 scic.
427 3613 462 3623 -
475 3582 510 3653 ⁵⁹)
529 3588 568 3640 De
585 3588 635 3647 his,
654 3588 716 3656 quia
735 3586 938 3654 archaeologiae,
957 3586 983 3638 id
1003 3586 1073 3654 quod
1092 3587 1168 3640 valde
1188 3586 1272 3653 doleo,
1291 3588 1377 3640 adhuc

186 3695 269 3750 prope
282 3678 423 3748 imperitus
437 3693 504 3744 sum,
517 3677 644 3730 iudicium
657 3677 726 3729 terre
738 3691 793 3729 non
806 3674 904 3739 eudeo;
922 3674 998 3743 plura
1016 3675 1076 3728 vide
1090 3675 1160 3743 apud
1173 3675 1375 3744 Lollingium

186 3769 256 3823 sort.
270 3769 369 3823 Nachr.
391 3765 461 3820 1874
480 3783 506 3836 p.
528 3765 561 3818 17
580 3781 637 3834 sqq.
658 3767 733 3819 cuius
753 3764 817 3817 mihi
830 3764 962 3817 sententia
980 3769 1043 3817 nota
1062 3768 1104 3817 est
1123 3780 1156 3817 ex
1175 3766 1375 3819 Locschclrii

186 3859 385 3913 dissertatione:
415 3858 465 3911 Die
488 3854 789 3924 Ennealrruncsepisodc
818 3854 862 3906 bei
890 3854 1036 3906 Pausanias
1066 3868 1153 3922 progr.
1173 3854 1272 3921 Dorpat
1304 3853 1374 3907 1883

184 3967 211 4017 p.
231 3947 322 4001 21-
342 3941 377 4014 53)
398 3948 554 4016 Fragmenta
573 3945 679 4013 collegit
696 3945 729 3996 Α.
748 3943 862 3997 Nauck
880 3943 911 3997 Τ.
931 3941 962 3996 G.
982 3942 1011 3995 F.
1032 3959 1058 4009 p.
1079 3940 1205 3996 369-18
1224 3940 1319 4008 (1856)
1337 3961 1371 3986 =

184 4038 324 4106 Euripides
343 4038 504 4106 perditarum
522 4035 717 4104 tragoediarum
735 4034 881 4101 fragmenta
899 4029 993 4098 (1869)
1013 4048 1039 4101 p.
1059 4031 1176 4087 87-96.
1189 4056 1224 4067 -
1237 4024 1271 4096 64)
1291 4031 1321 4084 F.
1341 4029 1371 4082 G.

184 4128 349 4194 Welclrer,
375 4127 424 4180 Die
448 4126 629 4194 griechischen
651 4123 802 4192 Tragbdien
820 4125 872 4176 etc.
893 4121 1050 4190 18391111.
1071 4119 1205 4175 ult-25.
1225 4146 1259 4157 -
1279 4113 1313 4183 ⁵⁵)
1331 4119 1372 4171 Nr.

183 4217 237 4271 370
256 4215 322 4279 (rem
334 4215 424 4285 paullo
443 4216 519 4270 aliter
538 4215 665 4282 intellego
684 4229 715 4266 ac
728 4211 916 4266 Meinekius
935 4211 1008 4278 apud
1020 4210 1113 4273 Nauck
1126 4211 1157 4264 Τ,
1170 4209 1244 4264 (1.1.
1257 4225 1284 4276 p.
1297 4203 1372 4269 969).

184 4335 217 4344 -
238 4300 271 4372 ⁵⁶)
290 4304 364 4375 Lyc.
383 4308 413 4359 in
430 4297 520 4359 Leocr.
537 4305 572 4360 98
591 4304 638 4374 qui
651 4320 667 4357 a
680 4303 732 4357 fine
752 4302 910 4356 narrationis
929 4301 1003 4354 addit
1023 4301 1082 4362 „ded
1102 4300 1147 4352 καὶ
1166 4295 1372 4357 annologiam

182 4394 330 4468 Εὐριπίδην
354 4397 523 4462 ἐπαινέσειεν,
554 4397 594 4450 ὅτι
622 4399 717 4450 τοῦτον
745 4394 791 4448 τὸν
817 4394 906 4459 μῦθον
935 4389 1079 4463 προείλετο
1106 4392 1221 4470 pothoni.
1268 4388 1306 4440 De
1325 4387 1373 4440 hac
