3136 5078
763 336 806 399 45

189 529 316 596 Nioben
340 528 470 608 scilieet,
506 529 540 592 in
562 527 806 593 matrimonium
829 526 934 592 duxit.
982 525 1167 592 Pandareus
1191 527 1290 609 igitur
1312 547 1378 591 una

191 655 266 702 eum
280 637 385 704 Niobe
400 658 442 703 ex
457 636 539 702 Asia
554 636 589 701 in
604 626 776 702 Boeotiam
789 635 878 700 venit
892 639 926 699 et
937 634 1108 718 utriusque
1121 633 1236 700 domus
1247 634 1378 700 fabulae

191 745 372 810 arctissime
396 743 472 809 olim
494 745 579 809 inter
603 763 638 808 se
662 743 851 808 coniunctae
874 742 978 807 fuisse
1001 741 1161 807 videntur.
1197 739 1287 808 Num
1303 762 1377 808 vero

190 850 306 917 Aedon
328 852 362 916 in
385 849 520 917 Boeotia
543 848 675 915 demum
698 848 856 914 Pandarei
879 848 1005 914 filiabus
1030 847 1141 913 addita
1164 849 1218 930 sit,
1254 850 1377 915 neseire

190 978 242 1024 me
264 959 377 1024 fateor.

281 1064 331 1131 De
344 1065 481 1132 Boeotia
493 1069 602 1131 autem
616 1065 744 1131 fabulae
759 1066 863 1131 forma
879 1063 1030 1130 doeemur
1047 1061 1377 1149 aPhereoyde,¹⁷¹)

190 1173 245 1258 qui
272 1194 466 1260 quamquam
489 1171 667 1259 Odysseam
697 1173 828 1261 respicit
867 1172 966 1237 etiam
1000 1192 1042 1237 ex
1075 1171 1148 1236 aliis
1183 1172 1379 1239 carminibus

189 1280 304 1366 epicis,
327 1285 364 1346 ut
387 1281 574 1366 ceteroquin
598 1285 740 1363 constat,
764 1301 826 1346 sua
847 1279 997 1345 hausisse
1020 1282 1140 1364 potest.
1195 1277 1379 1345 Secundum

190 1408 287 1474 quem
309 1388 425 1458 Abdon
443 1387 600 1454 Pandarei
624 1388 691 1453 filia
714 1391 748 1453 et
764 1387 859 1454 Zethi
881 1407 974 1469 uxor,
1000 1387 1052 1452 oui
1075 1407 1159 1452 unus
1184 1392 1271 1452 esset
1293 1387 1378 1453 fihus

188 1495 290 1580 Itylus
315 1501 348 1560 et
369 1516 436 1561 una
457 1495 524 1561 filia
546 1493 636 1578 Nais,
661 1495 794 1577 Niobes,
831 1496 883 1560 eui
919 1515 978 1560 sex
1001 1494 1094 1559 liberi
1116 1498 1240 1576 essent,
1276 1494 1377 1559 filiuni

189 1602 311 1667 invidia
344 1606 504 1669 commota
524 1623 642 1669 neoare
664 1604 778 1683 voluit
814 1601 872 1668 sed
908 1622 1004 1667 suum
1036 1621 1142 1667 errore
1171 1603 1301 1667 neeavit
1330 1603 1378 1688 (in

189 1729 253 1775 uno
279 1712 363 1775 enim
388 1712 531 1777 eubiculo
555 1710 783 1794 dormiebant).

279 1818 326 1882 At
360 1820 488 1883 omnino
524 1819 622 1884 aliam
652 1819 791 1902 speeiem
825 1817 916 1883 nobis
940 1816 1096 1903 praebent
1119 1814 1287 1882 Hesiodi
1311 1837 1377 1883 oar-

189 1926 285 1990 mina.
334 1925 515 1991 Videndum
538 1926 640 2011 primo
666 1924 705 1991 de
730 1923 865 1990 Dierum
888 1921 1042 2008 loeozffl)

348 2056 400 2117 τδν
423 2053 459 2117 δδ
482 2052 546 2138 μέτ’
575 2050 714 2142 δρδογόη
740 2051 902 2128 Πανδιονὶς
925 2050 1009 2139 ὦρτο
1028 2051 1192 2140 χελιδὼν,

351 2162 384 2236 ἐς
407 2163 489 2248 φάος
513 2159 704 2248 ἀνδρώποις,
730 2158 849 2247 ἔαρος
872 2160 958 2224 νέον
983 2159 1217 2245 ἱσταμένοιο.

189 2286 328 2350 quocum
351 2269 496 2334 conferas
520 2288 642 2352 quaeso
667 2266 830 2352 Odysseae
855 2266 936 2332 illud
959 2266 1061 2332 multo
1085 2267 1243 2352 pulcrius:

349 2397 395 2471 ὡς
416 2394 445 2458 δ
453 2398 505 2460 ὅτε
532 2395 719 2481 Πανδαρέου
743 2395 852 2482 κούρη,
876 2394 1012 2482 χλωρηῒς
1033 2393 1143 2486 δηδδν

349 2503 440 2567 καλὸν
464 2503 600 2590 ἀείδησιν
624 2501 740 2588 ἔαρος
763 2503 850 2566 νέον
874 2502 1107 2585 ἱσταμένοιο.

284 2621 416 2689 Dierum
442 2628 572 2710 poetam
595 2629 670 2690 ante
695 2625 803 2690 oeulos
827 2623 979 2690 habuisse
993 2623 1156 2710 Odysseae
1180 2646 1293 2693 versus
1321 2629 1378 2692 vix

188 2734 286 2812 neget
308 2731 479 2816 quispiam.
525 2729 590 2797 Sed
612 2732 752 2797 mutavit
774 2733 879 2817 primo
903 2731 1073 2797 lusciniam
1098 2732 1130 2797 in
1160 2730 1375 2815 hirundinem,

188 2856 382 2922 quamquam
412 2838 494 2904 hane
521 2858 614 2904 avem
645 2858 707 2925 quo
730 2839 826 2905 modo
848 2837 1006 2928 δρδοηόην
1030 2843 1101 2922 (aui
1124 2839 1377 2930 δρδροηδην)173)

187 2944 351 3030 appellare
368 2947 510 3030 potnerit
525 2951 623 3032 poeta
645 2946 680 3012 in
696 2951 850 3034 promptu
865 2967 930 3012 non
945 2946 1058 3029 habeo,
1082 2955 1156 3026 enm
1179 2947 1219 3013 de
1242 2947 1378 3016 luscinia

187 3051 307 3134 optime
331 3053 448 3117 fnisset
471 3053 602 3119 dietum.
651 3052 818 3136 Forsitan,
854 3069 941 3120 oum·
960 3055 1057 3119 aliam
1088 3055 1218 3120 fabulae
1240 3058 1378 3123 formam

188 3161 285 3241 poeta
308 3177 386 3222 sane
410 3157 580 3223 mediocris
604 3166 729 3241 nosset,
759 3180 842 3246 quae
866 3160 955 3247 apud
972 3158 1154 3226 Homerum
1178 3163 1218 3228 de
1240 3164 1378 3231 luscinia

185 3261 309 3344 legerat
337 3263 501 3330 incautius
533 3265 703 3331 transtulit
731 3265 773 3331 ad
800 3267 1017 3332 hirundinem.
1044 3304 1086 3316 -
1110 3267 1235 3334 Deinde
1259 3269 1378 3337 dieitur

185 3368 323 3435 hirundo
346 3369 622 3460 Pandionis-filia,
646 3392 709 3439 non
732 3377 769 3438 ut
792 3375 831 3440 ab
854 3371 997 3440 Homero
1021 3374 1188 3441 Pandarei.

117 3594 119 3599 '
184 3589 283 3643 Kinhel
303 3590 361 3644 eoll.
381 3591 459 3659 Apd.
478 3592 523 3669 ΠΙ,
545 3593 569 3659 l,
589 3593 615 3646 2.
636 3620 667 3629 -
690 3587 734 3658 l⁷¹)
753 3594 886 3648 Pheneo.
905 3595 937 3646 fr.
959 3593 1009 3647 loa
1028 3610 1072 3662 ap.
1092 3595 1172 3648 schol.
1192 3594 1269 3648 Hom.
1290 3594 1376 3650 vaae

186 3673 365 3747 τῇΝυκτέιος
392 3679 463 3741 Ζεὺς
490 3682 621 3751 μίγνυται.
650 3682 684 3743 ἐξ
710 3682 743 3753 ἦς
760 3680 855 3751 Ζῆδος
883 3684 1015 3754 γίγνονται
1034 3684 1079 3737 καὶ
1095 3680 1220 3752 Ἀμφίαν.
1240 3683 1314 3737 οὗτοι
1327 3724 1333 3737 .
1348 3725 1375 3738 ..

185 3771 271 3834 γαμεῖ
287 3769 319 3820 δὲ
337 3767 431 3835 Ζῆθος
449 3771 500 3836 μὲν
515 3767 628 3840 Ἀηδόνα
648 3773 695 3842 τὴν
713 3776 762 3825 τοῦ
782 3771 952 3842 Πανδαρέου,
977 3778 1029 3825 τῶν
1048 3774 1080 3825 δὲ
1099 3773 1200 3842 γίνεται
1213 3767 1313 3833 Ἴτυλας
1332 3775 1376 3826 καὶ

190 3852 266 3925 Νηΐς.
299 3852 398 3910 Ἴτυλον
417 3861 450 3913 δὲ
468 3860 486 3929 ἡ
505 3861 597 3931 μήτηρ
613 3856 713 3932 ’Aeaeo
732 3863 883 3915 ἀποκτείνει
910 3863 955 3915 διὰ
983 3864 1085 3927 νυκτὸς,
1110 3864 1229 3915 δοκοῦσα
1247 3862 1313 3916 εἶναι
1332 3866 1378 3917 τδν

183 3938 324 4013 Ἀμφίονος
343 3949 437 4012 παῖδα,
458 3950 575 4020 ζηλοῦσα
595 3951 642 4020 τὴν
660 3955 709 4005 τοῦ
721 3953 920 4022 προειρημένου
933 3957 1054 4022 γυναῖκα,
1074 3951 1116 4004 ὅτι
1135 3952 1221 4022 ταύτη
1239 3953 1290 4016 μὲν
1308 3952 1376 4022 ἦσαν

186 4034 222 4094 ἓξ
238 4036 343 4095 παῖδες.
363 4032 434 4107 αὐτῇ
452 4039 485 4090 δὲ
504 4039 563 4091 δύο.
592 4037 685 4103 (schol.
704 4040 738 4094 V.
758 4041 823 4094 518:
852 4041 896 4094 καὶ
927 4046 979 4095 τῶν
1008 4042 1127 4108 ἀνεψιῶν
1144 4043 1375 4110 συντρεφομένων,

186 4125 253 4176 ὅθεν
272 4125 316 4176 καὶ
339 4130 536 4194 σογκοιμᾶσδαι
559 4130 660 4200 συνέβη
680 4129 746 4196 art).
777 4126 888 4201 ἐφορμᾷ
906 4131 939 4183 δὲ
958 4130 1043 4201 ταύτῃ
1063 4133 1078 4183 ὁ
1097 4128 1169 4189 Ζεὺς
1188 4131 1286 4200 ποινὴν,
1305 4133 1323 4202 η
1343 4134 1376 4185 δὲ

185 4211 294 4284 εὔχεται
316 4213 388 4283 δρνις
406 4216 546 4284 γενέσθαι*
575 4219 621 4270 οιαὶ
637 4221 713 4272 ποιεῖ
730 4220 814 4289 αὐτὴν
833 4222 848 4272 ὁ
868 4218 939 4278 Ζεὺς
957 4220 1070 4290 ἀηδόνα.
1090 4220 1193 4289 δρηνεῖ
1208 4221 1242 4272 δὲ
1260 4221 1374 4275 defuere

185 4305 231 4355 τδν
245 4299 351 4369 Ἴτυλον,
371 4305 410 4365 ὥς
426 4325 495 4376 φησι
511 4305 675 4379 Φερεκύδης.
687 4336 720 4346 -
735 4303 779 4375 ¹⁷²)
799 4311 870 4363 Hes.
886 4309 995 4363 0.et1).
1017 4305 1109 4364 56819.
1119 4335 1155 4345 -
1168 4303 1213 4374 ¹⁷³)
1232 4310 1374 4378 Utramque

186 4395 256 4446 enim
276 4395 416 4449 tectionem
436 4396 545 4450 Proetus
565 4398 675 4452 exhibet
692 4400 722 4452 in
741 4399 823 4453 sohel.
843 4399 907 4452 Hes
927 4398 958 4452 0.
972 4404 999 4452 et
1011 4400 1043 4451 D.
1057 4397 1110 4452 566
1129 4397 1263 4464 (Gaisford
1281 4401 1374 4468 poetae
