3136 5078
783 328 802 386 5

687 414 902 423 *α

188 598 191 604 Ι
286 517 337 584 De
361 517 536 584 Thracibus
568 518 645 584 solis
678 519 743 601 egit
770 516 807 582 B.
832 514 1024 602 Giseke,⁸)
1048 517 1138 583 cuius
1170 536 1188 582 e
1223 515 1384 582 sententia

198 631 312 708 gentes
339 625 483 708 Pelasgis
518 626 733 712 proprioquae
769 623 935 690 Graeciam
965 623 1185 690 habitantibus
1215 621 1384 688 Thraciam

199 733 360 818 quondam
380 737 562 799 tenuerunt.
610 733 655 798 At
676 732 818 798 Paeones
840 731 874 797 id
897 736 948 797 est
967 729 1083 797 Teucri
1107 735 1140 797 et
1161 729 1247 815 Mysi
1268 732 1383 795 irrum-

196 846 310 926 pentes
345 846 379 907 et
413 841 568 927 optimam
603 841 722 925 ubique
762 844 881 905 terram
922 843 1114 924 occupantes
1149 843 1274 905 ueteres
1309 838 1382 904 illos

198 945 337 1013 Thraces
361 948 479 1033 partim
508 948 542 1013 in
565 947 682 1013 arduos
705 951 830 1013 montes
852 947 1078 1033 reppulerunt,
1108 947 1226 1032 partim
1253 947 1382 1012 omnino

196 1055 375 1137 eiecerunt,
410 1060 449 1122 nt
476 1056 626 1140 dissipati
660 1056 806 1142 iamper
830 1052 995 1121 Graeciam
1025 1057 1220 1136 vagarentur
1248 1059 1281 1120 et
1307 1054 1381 1122 inde

194 1163 333 1228 turbatis
358 1163 505 1229 omnibns
529 1162 626 1228 rebus
649 1164 683 1228 in
704 1163 819 1228 Asiam
841 1162 1022 1228 traicerent.
1071 1160 1124 1228 Sic
1148 1161 1308 1228 Paeonum
1331 1164 1381 1229 in-

195 1271 284 1336 vasio
319 1271 416 1337 etiam
441 1266 622 1355 Minyaru'm
650 1269 864 1336 Cadmeorum
891 1269 1054 1335 Abantnm
1079 1268 1310 1356 Dryopumque
1344 1291 1381 1338 ao

195 1376 390 1444 Boeotorum
414 1382 446 1443 et
470 1377 608 1464 denique
635 1376 761 1444 Dorum
783 1377 985 1459 migrationis
1009 1377 1113 1463 prime
1148 1377 1380 1461 quodammodo

195 1505 292 1551 causa
315 1490 410 1570 atque
434 1486 522 1568 origo
545 1485 617 1551 fuit.
642 1523 684 1535 -
711 1483 791 1550 Cum
814 1485 914 1566 igitur
937 1484 988 1549 vir
1003 1483 1115 1550 doctus
1138 1488 1263 1551 veteres
1280 1484 1380 1552 Thra-

194 1594 263 1658 ciae
287 1593 408 1659 incolas
433 1592 591 1679 (Muelleri
615 1599 648 1658 et
668 1593 775 1659 Abelii
799 1590 947 1676 exempla
971 1595 1118 1678 secutus)
1141 1611 1213 1657 cum
1236 1593 1380 1678 Pelasgis

193 1699 377 1781 confundat,
402 1700 440 1767 de
464 1700 607 1782 Pelasgis
631 1706 741 1765 autem
763 1698 916 1782 Aeschyli
940 1697 1055 1782 illud⁹)

430 1812 484 1872 τοῦ
509 1811 657 1896 γηγενοῦς
680 1809 742 1894 γάρ
765 1803 827 1892 εἰμ’
852 1807 917 1889 ἐγὼ
942 1805 1159 1895 Παλαίχθονος

431 1915 488 1992 ἶνις
512 1915 675 1998 Πελασγὸς
697 1915 749 1978 κτὲ

194 2044 234 2088 ex
263 2024 506 2089 accuratissima
533 2043 640 2089 rerum
669 2025 871 2087 vetustarum
903 2021 1039 2087 scientia
1066 2021 1200 2089 fluxisse
1235 2032 1376 2108 censeat,

192 2131 300 2200 Abelii
330 2136 457 2197 acutam
485 2130 574 2196 illam
603 2129 643 2197 de
665 2128 878 2214 Bithynorum
910 2123 1076 2195 invasione
1105 2149 1178 2195 cum
1206 2129 1378 2199 Cimmerio

192 2239 413 2323 coniungenda
435 2238 651 2305 coniecturam
675 2237 779 2304 reicit.

280 2346 355 2412 Jam
377 2367 451 2413 vero
475 2345 628 2411 audacius
644 2345 747 2410 multo
764 2344 820 2410 Al.
845 2341 1013 2430 Riesc10)
1036 2345 1182 2430 exceptis
1214 2348 1376 2416 nonnullis

192 2455 426 2520 incursionibus
456 2453 593 2518 Thraces
612 2453 646 2517 in
669 2450 805 2519 Graecia
817 2440 928 2517 'fuisse
957 2453 1085 2518 omnino
1117 2458 1224 2535 negat.
1271 2454 1377 2538 Negat

192 2579 320 2645 quoque
359 2559 521 2644 Orpheum
562 2561 751 2642 ceterosque
789 2557 863 2623 illos
891 2562 980 2624 vates
1013 2558 1178 2626 fabulosos
1207 2561 1374 2630 Thraciam

192 2666 344 2748 originem
368 2665 521 2732 habuisse
545 2669 617 2731 ante
635 2662 884 2745 Onomacritum,
908 2664 964 2749 qui
979 2664 1141 2751 Orpheum
1164 2687 1238 2733 cum
1253 2668 1375 2753 Zagreo

191 2774 411 2839 coniunxisset
434 2777 467 2837 et
489 2773 623 2858 insuper
645 2777 780 2857 propter
800 2770 897 2835 huius
926 2791 997 2837 cum
1023 2769 1158 2839 Thracio
1181 2773 1306 2842 Baccho
1332 2779 1375 2843 si-

189 2879 563 2965 militudinem‚Thracia
585 2880 716 2945 civitate
740 2877 935 2946 donavisset.
972 2876 1152 2965 Scriptores
1177 2887 1294 2967 autem,
1319 2887 1375 2972 qni

190 2986 330 3054 Thraces
353 2987 388 3053 in
405 2983 540 3052 Graecia
563 2985 620 3051 diu
642 2985 825 3051 habitantes
848 2985 1014 3069 fingerent,
1038 2987 1128 3053 velut
1154 2987 1373 3076 Thucydidem

189 3095 400 3162 Aristotelem
424 3093 591 3180 Ephorum
612 3091 802 3159 Strabonem
824 3095 857 3158 et
882 3096 996 3178 poetas
1022 3094 1161 3176 tragicos
1185 3094 1374 3184 Sophoclem

188 3200 442 3289 Euripidemque
464 3202 582 3288 partim
605 3202 696 3267 miris
712 3221 750 3267 ac
772 3221 871 3286 prope
887 3200 1032 3267 ridiculis
1057 3202 1219 3271 erroribus
1243 3206 1373 3275 delusos

189 3330 270 3394 esse,
299 3311 417 3396 partim
451 3309 490 3375 ab
515 3308 662 3395 Orphicis
697 3308 854 3394 pendere3
888 3309 1064 3394 plurimum
1097 3311 1196 3376 etiam
1233 3315 1374 3382 valuisse

187 3417 331 3500 Piorum,
361 3437 441 3502 quae
466 3415 589 3482 Graeca
617 3435 696 3499 gens
720 3419 820 3498 esset,
845 3434 916 3481 cum
940 3414 1117 3484 Thracibus
1142 3420 1371 3489 confusionem.

276 3527 322 3591 At
348 3526 480 3591 fuerunt
509 3524 604 3589 etiam
630 3527 703 3589 anto
725 3523 811 3589 huno
839 3523 901 3589 viri
924 3523 1027 3606 docti,
1064 3525 1120 3610 qui
1143 3528 1213 3591 tota
1240 3527 1298 3593 illa
1322 3549 1372 3596 ar-

187 3637 355 3715 gumenta,
391 3633 507 3720 quibus
540 3632 716 3698 Muellerus
751 3633 889 3698 confisus
924 3631 1067 3719 duplices
1101 3635 1201 3701 fuisse
1233 3635 1371 3704 Threces
1448 3717 1451 3724 ¹

188 3744 359 3822 statuerat,
395 3741 560 3806 reicerent.
612 3740 663 3805 Ac
691 3740 813 3825 primus
842 3739 986 3825 quidem,
1023 3745 1175 3827 quantum
1205 3763 1263 3825 ego
1294 3746 1369 3826 scio,

186 3845 226 3910 A.
251 3846 295 3913 de
320 3845 602 3932 Gnosehmidss)
628 3845 765 3912 breviter
788 3850 822 3912 et
845 3848 890 3923 ὡς
913 3847 946 3912 ἐν
969 3848 1111 3935 παρόδῳ,
1136 3848 1191 3914 sed
1214 3848 1300 3915 haud
1323 3851 1371 3918 le·
1439 3932 1441 3943 Α

191 3975 406 3986 ἰο-...-

187 4062 213 4113 p.
233 4044 285 4098 544
303 4044 319 4111 ξ
339 4044 437 4100 45211.
457 4071 491 4082 —
511 4038 534 4110 8)
553 4044 668 4099 Bernh.
688 4045 824 4110 (lisele,
853 4046 1164 4114 thralrisch-pelasgischo
1184 4047 1301 4103 Stimme
1326 4051 1371 4104 dar

185 4133 418 4188 Ballranhalbinscl
440 4134 518 4188 1856.
546 4159 581 4170 -
610 4128 747 4199 ⁹)Aesch.
767 4134 861 4201 Suppl.
880 4133 987 4189 ato—9
1007 4132 1117 4200 (Gisehe
1135 4137 1153 4188 l.
1173 4137 1190 4188 l.
1211 4154 1237 4205 p.
1257 4136 1302 4204 25)
1322 4139 1370 4194 Oc·

185 4227 271 4276 terum
302 4225 334 4277 de
358 4222 476 4290 Pelasgis
495 4224 529 4275 cf.
549 4223 576 4276 S.
589 4223 711 4289 Bruclr‚
730 4223 803 4287 Quae
822 4227 924 4277 veteres
943 4224 975 4277 de
995 4224 1112 4292 Pelasgis
1131 4226 1287 4280 tradiderint
1306 4229 1369 4283 diss.

185 4315 276 4382 inaug.
297 4313 405 4367 Vratisl.
427 4311 498 4366 1884
518 4311 658 4381 (imprimis
677 4331 704 4382 p.
727 4313 757 4365 12
778 4309 847 4381 sqq.)
867 4338 900 4350 -
923 4307 956 4378 ¹⁰)
976 4313 1023 4366 Al.
1043 4314 1153 4381 Riese,
1178 4313 1296 4383 Orpheus
1315 4318 1370 4372 und

185 4401 226 4454 die
254 4402 421 4470 mythischen
448 4404 564 4457 Thrahor
591 4405 631 4457 ΕΙ.
656 4403 715 4471 jhb.
749 4402 816 4456 1877
845 4419 871 4470 p.
891 4403 1044 4457 224-240.
1073 4429 1107 4440 -
1139 4399 1170 4469 ¹¹)
1190 4405 1223 4458 A.
1243 4404 1268 4457 d.
1288 4405 1369 4460 Gut-
