3136 5078
755 336 794 398 19

398 526 564 615 Εὔμολπος
586 528 660 593 οῦδὲ
682 530 774 616 Θρᾷξ
793 527 960 612 άναστέῴει
983 528 1065 604 λεὼς

395 638 580 722 στεφάνοισι,
607 635 736 711 Παλλὰς
757 632 786 700 θ’
811 634 952 720 οὐθαμοῦ
975 635 1141 723 τιμήσεται.

274 744 382 830 Atque
406 741 595 828 Euripidem
618 747 704 808 certe
729 746 859 808 secutus
882 740 1077 827 Eumolpum
1105 742 1184 808 dicit
1211 742 1367 808 humatos

184 853 326 919 Atticam
353 850 417 917 sibi
444 848 640 932 vindicasse,
669 869 742 915 cum
764 846 937 934 Neptunus
967 851 1061 933 petor
1088 853 1164 915 ante
1191 847 1368 916 Minervam

183 965 303 1026 terram
326 954 586 1043 possedissetffl)
805 947 810 964 ‘

272 1065 363 1133 Haec
399 1065 441 1132 ad
475 1062 673 1151 Eumolpum
710 1063 853 1130 maxime
891 1064 1068 1150 pertinent;
1107 1062 1167 1130 sed
1204 1065 1369 1150 proprium

183 1175 368 1258 tragoediae
391 1177 618 1256 argumentum
639 1192 681 1238 ex
700 1169 845 1257 Lycurgo
869 1169 1039 1237 discimus:
1062 1169 1242 1238 Erechtheo
1266 1172 1369 1238 Athe-

184 1303 297 1348 narum
321 1282 401 1362 regi,
438 1299 514 1346 cum
536 1279 686 1366 Eumolpi
711 1280 825 1362 ingens
846 1279 1008 1346 exercitus
1031 1279 1315 1365 appropinquaret,
1350 1300 1370 1345 a

184 1389 343 1474 Delphico
371 1387 431 1452 deo
459 1407 648 1473 responsum
682 1387 786 1452 fuisse
816 1386 975 1451 victurum
1002 1405 1087 1468 eum,
1123 1386 1161 1468 si,
1198 1390 1371 1472 antequam

183 1496 400 1562 Athenienses
423 1513 495 1559 cum
518 1493 666 1561 hostibus
688 1493 854 1576 congressi
882 1496 1001 1574 esseut,
1025 1492 1125 1558 filiam
1149 1493 1354 1583 immolasset

1366 1594 1425 1613 mou

184 1603 331 1690 paruisse
365 1600 424 1668 deo
459 1599 676 1668 Erechtheum
709 1605 744 1667 et
769 1601 879 1666 hostes
909 1621 926 1666 e
958 1600 1066 1688 patria
1098 1578 1371 1685 fugasse'ss'wj-

186 1708 341 1795 Sequitur
375 1709 462 1795 apud
496 1707 682 1794 Lycurgum
704 1707 898 1773 Praxithcae
925 1705 1098 1774 Erechthei
1125 1709 1239 1773 uxoris
1268 1709 1370 1774 oratio

185 1817 227 1882 ad
250 1816 381 1881 verbum
397 1820 535 1897 servata,
559 1814 671 1880 eadem
687 1818 721 1880 et
736 1814 816 1880 alias
839 1813 982 1895 laudata
1006 1833 1089 1899 quae
1111 1814 1250 1897 ingenue
1272 1816 1372 1882 filiam

186 1924 243 1989 dat
270 1943 327 2009 pro
362 1923 468 2009 patria
501 1920 739 1988 immolandam.
793 1925 902 2007 Atque
932 1925 965 1986 et
991 1920 1053 1986 hoc
1075 1919 1287 2008 Euripideum
1311 1928 1370 2005 est,

187 2031 273 2117 quod
300 2030 517 2118 Apollodorus
552 2033 587 2095 et
615 2027 765 2114 Hyginus
788 2026 929 2110 tradunt,
964 2025 1137 2094 Erechthei
1170 2027 1264 2111 filias,
1300 2049 1372 2096 cum

186 2141 412 2206 coniurassent
445 2158 511 2204 una
538 2141 667 2204 mortua
694 2140 817 2202 ceteuae
845 2136 1037 2222 superstites
1066 2155 1131 2202 non
1156 2156 1372 2220 remansuras,

186 2245 284 2312 simul
311 2265 390 2310 -cum
423 2244 592 2311 immolata
624 2245 682 2310 illa
711 2264 746 2310 se
779 2243 998 2324 interfecisse;
1031 2243 1122 2310 novit
1155 2244 1241 2310 enim
1275 2249 1373 2332 poeta

186 2355 239 2438 (fr.
265 2354 348 2439 359)
371 2353 481 2436 ζεῦγος
503 2349 712 2440 τριπάρῦενον
735 2355 768 2416 el
789 2355 856 2416 tres
871 2350 1012 2434 virgines
1034 2350 1070 2415 in
1084 2347 1217 2436 Hyades
1233 2371 1374 2418 commu-

185 2465 272 2526 tatas
296 2456 618 2543 commemoravit.⁷¹)

188 2705 222 2774 ⁸⁹)
241 2711 340 2764 Ieocr.
359 2726 396 2764 or.
416 2710 469 2764 XII
488 2709 618 2778 (panath.)
637 2706 653 2775 5
675 2710 725 2763 193
747 2705 853 2782 optim
870 2712 921 2776 μὲν
939 2711 993 2781 γάρ
1011 2705 1070 2776 μετ’
1091 2709 1236 2777 Εὐμόλπου
1255 2715 1304 2764 τοῦ
1324 2709 1375 2766 Πο-

187 2801 315 2860 σειδῶνος
346 2801 489 2867 εἰσέβαλον
516 2802 559 2860 εἰς
577 2801 625 2871 τὴν
639 2803 734 2872 χώραν
753 2801 838 2870 ἡμῶν,
864 2800 895 2860 ῦς
914 2800 1171 2871 ἠμφισβήτησεν
1187 2797 1312 2873 Ἐρεχθεῖ
1328 2804 1377 2870 τῆς

188 2890 302 2955 πόλεως,
330 2891 442 2958 φάσκων
471 2888 594 2944 Ποσειδῶ
623 2891 759 2962 πρότερον
783 2884 904 2960 Ἀθηνᾶς
927 2889 1094 2957 καταλαβεῖν
1113 2889 1204 2959 αὐτήν.
1243 2889 1283 2943 cf.
1302 2890 1376 2960 Lyc.

187 2981 204 3032 l.
224 2982 255 3033 l.:
286 2982 335 3046 τῆς
359 2981 454 3051 χώρας
483 2979 584 3050 ταύτης
613 2980 901 3049 ἀμφισβητοῦντα.
933 3006 966 3016 -
994 2979 1075 3048 Hyg.
1103 2979 1123 3032 f.
1141 2980 1176 3033 46
1207 2979 1376 3048 ,Eumolpus

188 3069 304 3136 Neptuni
322 3068 402 3135 filius,
422 3070 540 3122 Athenas
559 3071 633 3121 venit
651 3074 862 3138 oppugnaturus,
886 3069 956 3138 quod
979 3070 1063 3136 patris
1087 3069 1129 3122 rui
1147 3074 1242 3122 terram
1262 3067 1378 3122 Atticam

188 3157 271 3208 luisse
291 3154 413 3209 diceret.“
433 3183 467 3192 -
488 3151 522 3219 ⁷⁰)
541 3156 617 3222 Lyc.
637 3157 655 3208 l.
674 3158 693 3208 l.
713 3161 802 3228 τυχεῖν
821 3158 853 3209 δὲ
872 3153 929 3210 κατ’
952 3157 1070 3218 ἐκείνους
1088 3157 1152 3218 τοῦς
1166 3157 1284 3228 χρόνους
1301 3156 1376 3222 βασι·

190 3242 303 3297 λεῦοντα
313 3238 454 3314 Ἐρεχθέα,
473 3247 586 3312 γυναῖκα
606 3242 702 3315 ἔχοντα
717 3243 877 3314 Πραξιθέαν
891 3245 938 3314 τὴν
957 3242 1081 3314 Κηφισοῦ
1093 3247 1242 3316 θυγατέρα.
1256 3246 1378 3315 μεγάλου

190 3335 222 3387 δὲ
250 3335 437 3404 στρατοπέδου
462 3333 608 3399 μέλλοντος
634 3336 729 3394 αὐτοῖς
757 3334 908 3401 είςβάλλειν
935 3336 977 3395 είς
1006 3335 1053 3404 τὴν
1067 3335 1171 3406 χώραν,
1194 3336 1236 3394 εἰς
1255 3334 1379 3404 Δελφοὺς

189 3425 237 3477 ἰὼν
255 3424 350 3494 ὴριῦτα
369 3424 416 3477 τὸν
434 3424 510 3488 θεὸν,
530 3423 559 3476 τί
573 3428 654 3477 ποιῶν
667 3423 699 3476 ἂν
712 3424 784 3495 νίκην
802 3423 884 3490 λάβοι
903 3423 979 3495 παρά
997 3427 1050 3477 τῶν
1068 3423 1210 3489 πολεμίων.
1226 3423 1379 3495 χρήσαντος

189 3509 215 3566 δ’
237 3508 314 3584 αὐτῷ
333 3516 382 3566 τοῦ
400 3515 479 3578 θεοῦ,
500 3513 548 3582 τὴν
566 3513 710 3583 θυγατέρα
737 3514 764 3566 ελ
787 3513 883 3566 θύσειε
901 3514 956 3583 πρὸ
975 3514 1024 3566 τοῦ
1040 3511 1191 3578 συμβαλεῖν
1209 3514 1249 3566 τὼ
1266 3530 1379 3583 στρατο·

189 3603 265 3655 πέθω
295 3602 438 3673 κρατήσειν
467 3606 519 3655 τῶν
538 3602 681 3668 πολεμίων,
711 3603 779 3655 dd&
796 3597 837 3673 τῷ
855 3597 918 3673 θεῷ
935 3603 1100 3667 πειθόμενος
1118 3597 1188 3657 τοῦτ’
1210 3600 1316 3672 ἔπραξε
1334 3606 1379 3655 καί

188 3691 253 3750 τοὺς
282 3692 557 3761 ἐπιστρατευομένους
581 3694 612 3744 ἐκ
631 3695 680 3758 τῆς
694 3692 791 3763 χώρας
809 3691 935 3757 ἐξέβαλε.
964 3716 997 3730 ·-
1027 3691 1106 3761 Apd.
1125 3693 1142 3745 l.
1162 3692 1180 3744 l.
1198 3689 1240 3757 (8)
1256 3687 1382 3762 Ἐρεχθεῖ

117 3818 120 3824 .
191 3780 222 3830 δὲ
250 3781 319 3850 ὑπὲρ
346 3776 500 3851 ’λθηναίων
528 3781 602 3851 νίκης
616 3783 752 3853 χρωμένῳ
779 3779 893 3853 ἔχρησεν
912 3783 928 3834 ὁ
946 3782 1015 3841 θεὸς
1032 3781 1218 3852 κατορθώσειν
1234 3781 1283 3833 οῦν
1301 3781 1378 3834 πῦλε·

190 3884 248 3932 μον,
277 3868 326 3921 ἐὰν
352 3871 417 3935 μίαν
445 3875 498 3924 τῶν
521 3870 682 3940 θυγατέρων
699 3870 801 3942 σφάξῃ.
821 3894 856 3906 ·-
877 3865 909 3937 ⁷¹)
928 3871 1008 3936 npd.
1026 3871 1045 3924 l.
1063 3872 1082 3924 l·
1100 3867 1141 3937 (9)
1161 3871 1205 3923 καλ
1223 3870 1380 3939 σφάξαντος

191 3958 275 4009 αὐτοῦ
303 3959 350 4028 τὴν
378 3960 515 4031 νεωτάτην
543 3960 587 4013 καλ
616 3962 645 4013 αἱ
671 3960 761 4014 λοισαλ
789 3959 890 4020 ἑαυτάς
909 3960 1095 4029 κατέσφαξαν·
1126 3959 1287 4030 ἐπεποίηντο
1314 3960 1380 4031 γὰρ,

190 4047 234 4105 ὡς
254 4044 382 4115 ἔφασάν
401 4068 503 4114 τινες,
529 4049 696 4114 συνωμοσίαν
718 4048 845 4118 ἀλλήλαις
867 4049 1075 4103 συναπολέσθαι.
1100 4072 1133 4086 ··-
1152 4049 1232 4118 Hyg.
1249 4049 1304 4103 fab.
1323 4051 1342 4103 l.
1360 4050 1377 4102 l.

191 4135 379 4202 „Erechtheus
398 4138 542 4192 Pandionis
561 4139 642 4206 tilius,
661 4140 756 4193 hebuit
773 4137 1026 4207 filiasquattucr‚
1044 4137 1130 4207 quae“
1149 4133 1272 4207 [ncepta
1289 4142 1380 4192 nmen

186 4223 303 4278 *Oreusal
322 4241 348 4277 v.
363 4225 436 4279 lonis
448 4227 534 4281 locum
547 4229 634 4281 statim
647 4224 915 4294 commemorandum]
934 4228 1022 4294 „iuter
1040 4243 1069 4281 se
1088 4227 1266 4296 coniurarunt,
1285 4229 1308 4283 εἰ
1325 4245 1380 4282 uua

191 4330 280 4368 eurum
309 4320 419 4369 mortem
447 4316 559 4384 obisset,
592 4323 696 4372 ceterae
725 4333 754 4371 se
783 4314 987 4371 interficerent“.
1010 4342 1045 4353 —
1064 4317 1171 4371 Schol.
1199 4320 1288 4372 Arat.
1318 4318 1378 4383 172,

191 4403 339 4477 Εὐριπίδης
350 4408 401 4472 μὲν
413 4405 460 4460 οῦν
474 4409 502 4460 ἐν
512 4403 638 4480 Ἐρεχθεῖ
654 4409 708 4470 τὰς
724 4403 876 4480 Ἐρεχθέως
892 4409 1051 4479 θυγατέρας
1059 4405 1160 4468 Ὑάδας
1169 4407 1239 4487 φησί
1251 4407 1380 4476 γενέσθαι

1160 4493 1197 4550 2*
