3136 5078
750 327 791 391 41

177 521 342 600 niciensi,
355 519 548 605 quivocatur
555 519 726 611 lippiente,
739 523 889 585 accurata
898 518 987 605 apud
994 493 1366 585 PlutarchumBaeotum

178 627 364 712 descriptio
378 623 435 712 ¹⁶⁵)
486 625 605 695 Bacchi
628 631 699 693 tum
735 625 885 693 sacerdos
916 627 1027 720 stricto
1051 626 1165 720 gladio
1202 627 1365 725 fugientes

178 734 326 823 Aculeus,
357 752 438 820 quae
462 754 482 799 a
504 731 630 818 Minyae
653 734 784 799 filiabus
808 734 964 816 originem
961 710 1164 816 ducebant,
1134 738 1366 819 tporseque-

179 842 235 909 bat
220 848 284 923 t‚nr
322 846 361 909 ut
394 844 537 928 siquam
553 840 696 927 cepisset
728 840 904 907 interlicere
939 841 970 908 ei
1004 841 1188 908 liceret-
1216 841 1251 907 id
1281 841 1367 927 qnod

177 949 339 1018 Plutarchi
374 948 575 1035 temporibus
607 946 718 1013 Zoilus
754 947 906 1015 sacerdos
940 949 1058 1014 iecisse
1093 948 1227 1015 dicitur!
1275 949 1367 1035 Ipsae

178 1062 287 1123 autem
320 1055 449 1147 Minyae
488 1057 599 1138 filiae,
614 1053 778 1140 Leucippe
813 1056 952 1122 Arsinoe
986 1055 1167 1137 Αιιιιιιοο,
1182 1055 1367 1142 Leucippes

177 1185 311 1250 puerum
337 1162 515 1230 comedisse
537 1162 719 1229 traduntur.
768 1161 903 1227 Videtur
929 1163 1031 1245 igitur
1057 1163 1091 1228 in
1114 1162 1281 1245 Agrioniis
1309 1163 1368 1228 illa

178 1274 259 1360 φυγὴ
282 1275 333 1336 καὶ
357 1268 636 1364 όῖωξιςιιοιιοιιιιιθ
666 1270 856 1335 sacrificium
887 1271 997 1336 statim
1023 1290 1094 1337 esse
1117 1275 1236 1336 secuta.
1282 1268 1367 1336 Huic

178 1366 250 1446 vero
275 1383 417 1444 veterem
439 1362 901 1465 hominunrjmmolandorum
937 1362 1200 1445 consuetudinem
1234 1378 1382 1451 subesses

177 1508 218 1554 ex
242 1506 345 1573 eaque
370 1489 403 1551 et
424 1486 498 1550 illos
520 1486 603 1551 ritus
627 1486 784 1571 explicari
807 1485 1079 1578 posse)Prellerus
1103 1485 1193 1551 vidit.
1204 1484 1262 1572 156)
1297 1485 1366 1550 Iam

176 1596 210 1660 in
249 1593 342 1659 Terei
387 1593 522 1689 fabula,
544 1593 648 1678 qualis
688 1594 786 1659 fuerit
825 1593 913 1679 apud
952 1592 1368 1679 Sophoclemewelokerus

177 1700 469 1789 adumbravitesse
482 1704 515 1766 et
526 1718 619 1767 saera
633 1700 797 1766 trieterica
809 1698 976 1787 Bacchae
990 1703 1083 1786 pueri
1095 1701 1365 1780 immolationem

177 1807 299 1874 accedit
329 1808 512 1890 mulierum,
550 1827 633 1898 quae
668 1808 914 1897 immolaverant
946 1808 1024 1898 fuga
1070 1812 1085 1873 t
1113 1811 1277 1875 insecutus
1302 1808 1366 1872 vir:

178 1914 299 1981 Tereus
334 1916 418 1983 euim
454 1899 631 1982 sacerdotis
666 1934 838 2000 personam
874 1916 951 1998 agit.
1004 1829 1136 2002 Αἱ
1087 1917 1172 1982 enim
1201 1915 1280 2002 quid
1308 1914 1367 1981 ille
1439 1857 1507 2014 st

178 2024 321 2089 omnium
343 2023 378 2088 in
401 2041 478 2088 aves
501 2023 709 2089 commutatio
732 2022 794 2090 sibi
818 2022 910 2089 vulti
954 2021 1045 2089 Haeo
1073 2023 1203 2109 quidem
1226 2043 1294 2146 upa
1317 2027 1410 2103 ιιι,

176 2128 343 2212 Bacchica,
367 2130 445 2197 haee
468 2134 519 2197 est
540 2129 671 2196 aliunde
694 2130 801 2210 illuta;
831 2150 937 2216 neque
965 2131 1125 2245 eludimur
1148 2151 1169 2196 a
1192 2099 1417 2211 Nicandro,-

175 2239 294 2326 quippe
319 2239 376 2323 qui
401 2258 461 2304 sua
483 2239 621 2304 invicem
645 2258 662 2303 e
686 2237 780 2304 Terei
803 2237 991 2305 fabulet
935 2243 991 2324 pet
992 2220 1097 2305 iverit.

266 2345 380 2411 Tanat
356 2349 455 2411 ticum
483 2366 557 2428 vero
574 2343 694 2411 Bacchi
717 2346 784 2413 cult
770 2350 839 2421 turn
862 2351 900 2412 ιιι
921 2351 1034 2412 nostre
1055 2350 1162 2412 aetate
1185 2345 1368 2412 Lobeckius

176 2453 411 2518 demonstravit
397 2458 455 2516 ta
477 2452 655 2518 Thracibus
679 2453 806 2518 venisse
830 2452 871 2518 ad
896 2451 1047 2535 Graecos,
1071 2455 1174 2520 itaet
1159 2414 1369 2521 flllThraeie

71 2621 73 2625 .
175 2559 233 2624 illa
269 2578 360 2624 sacra
395 2579 467 2625 esse
502 2559 638 2644 putavit,
674 2558 730 2643 qui
760 2557 854 2624 Terei
882 2579 934 2626 res
970 2559 1242 2644 splendidissimis
1276 2560 1367 2627 hisce

176 2665 334 2732 coloribus
370 2666 493 2750 primns
529 2667 704 2733 exornavit.
762 2666 809 2731 Ac
844 2670 955 2751 posset
991 2667 1088 2733 etiarn
1122 2665 1261 2733 Dauliae
1294 2687 1367 2730 cum

65 2770 144 2859 euvils
175 2773 316 2840 Athenis
344 2773 537 2855 coniunctio,
573 2771 665 2839 Terei
701 2772 823 2839 scilicet
851 2793 923 2839 cum
951 2772 1127 2840 Pandionis
1155 2772 1221 2840 lilia
1243 2773 1368 2857 nuptiis

176 2880 364 2964 significata,
390 2881 625 2975 explicuimon
640 2879 745 2947 dicam
762 2901 805 2947 ex
827 2880 938 2947 fabula
952 2881 1020 2961 illa,
1044 2901 1127 2966 quae
1151 2880 1367 2966 suspicionem

173 2990 290 3068 movet,
314 2985 476 3059 Minervae
501 2992 595 3054 vetus
618 2989 728 3061 ξόανον
756 2987 919 3055 aProcne
941 2988 1081 3055 Athenis
1104 2987 1260 3056 Dauliam
1288 2989 1366 3054 olim

175 3238 201 3289 p.
220 3220 282 3274 382.
321 3221 413 3288 Rapp
432 3219 632 3286 Dionysoslrult.
651 3224 701 3273 etc.
721 3192 843 3287 pierres.
872 3249 907 3259 -
938 3217 1086 3287 ιω5>Ρ1ιιι
1114 3239 1157 3291 qu.
1179 3224 1222 3276 Gr.
1242 3223 1277 3276 38
1296 3224 1367 3284 τίνες

175 3312 201 3363 oi
220 3308 297 3379 παρὰ
315 3307 445 3368 Βοιωτοῖς
470 3307 589 3373 Ψολόεις,
609 3308 654 3361 rui
673 3309 743 3370 τίνες
761 3307 894 3377 Aioleion·
923 3310 984 3375 (τὰς
1002 3309 1100 3364 Μινύου
1120 3313 1279 3382 θυγατέρας
1297 3314 1364 3380 φασί

175 3397 330 3469 Λευκίππην
357 3398 401 3451 καὶ
427 3394 560 3468 Ἀρσινόην
591 3398 635 3452 καὶ
660 3393 809 3470 Ἀλκαθόην
836 3401 968 3466 μανείσας
994 3401 1173 3469 ἀνθρωπίνων
1202 3403 1368 3469 ἐπιθυμῆσαι

174 3493 274 3558 κρεῶν,
304 3489 348 3541 καὶ
376 3488 513 3559 διαλαχεῖν
541 3489 603 3560 prepi
631 3494 684 3542 τῶν
713 3491 823 3544 τέκνων·
854 3488 1010 3562 Λευκίππης
1037 3491 1187 3562 λαχούσης,
1215 3496 1367 3564 παρασχεῖν

169 3574 296 3632 Ἵππασον
315 3579 361 3632 τὸν
384 3580 440 3631 υἱὸν
463 3580 678 3633 διασπάσασθαι·
699 3579 830 3651 κληθῆναι
849 3581 881 3633 δὲ
901 3581 965 3653 τοὺς
982 3581 1033 3647 μὲν
1051 3579 1155 3652 ᾀζνόρας
1173 3582 1262 3652 ὠῶν
1281 3584 1366 3636 όυσει·

174 3672 328 3730 ματοῦντας
346 3669 399 3721 ὑπὸ
418 3668 504 3739 λύπης
522 3669 567 3722 καὶ
596 3670 714 3729 πένθους
739 3669 858 3735 Ψολόεις,
887 3670 974 3730 αὐτὰς
993 3672 1025 3723 δὲ
1043 3668 1168 3731 λλολείας
1186 3670 1243 3725 οῖον
1262 3671 1366 3736 ὀλοάς.)

175 3755 220 3827 καὶ
238 3757 318 3827 μέχρι
331 3761 374 3808 νύν
384 3753 549 3829 Ὀρχομένιοι
568 3758 618 3818 τὰς
636 3759 691 3811 ἀπὸ
710 3763 758 3813 τού
777 3761 871 3828 γένους
890 3759 963 3813 οὕτω
981 3760 1098 3815 καλοῦσι.
1117 3761 1161 3814 καὶ
1180 3761 1283 3829 γίνεται
1300 3756 1363 3830 παρ’

100 3882 101 3887 ,
137 3864 148 3886 t
177 3846 296 3898 ἐνιαυτὸν
324 3849 352 3898 ἐν
376 3852 434 3908 τοῖς
450 3844 609 3918 Ἀγριωνίοις
628 3849 716 3918 φυγὴ
736 3849 790 3902 καὶ
809 3849 925 3910 δίωξις
950 3850 1039 3903 αὐτῶν
1060 3852 1112 3903 ὑπὸ
1132 3854 1181 3904 τοῦ
1199 3849 1298 3919 ἱερέως
1316 3855 1366 3905 τού

176 3932 302 3989 Διονύσου
331 3936 411 4004 ξίφος
440 3937 556 4008 ἔχοντος.
587 3937 676 3999 ἔξεστι
703 3939 736 3991 δὲ
755 3938 802 4008 spu
822 3938 1046 4010 καταληφθεῖσαν
1065 3939 1176 4002 ἀνελεῖν,
1196 3940 1241 3991 καλ
1260 3940 1366 3993 ἀνεῖλεν

176 4018 218 4092 ἐφ’
231 4024 308 4092 ἡμῶν
317 4022 421 4086 Ζωΐλος
433 4029 448 4078 ό
462 4026 553 4097 ἱερεύς
566 4029 620 4080 ask.
650 4027 776 4082 Tabulam
789 4029 897 4080 uberius
916 4032 1094 4082 mactaverunt
1112 4028 1280 4082 Nicander
1299 4027 1364 4093 (Ho-

95 4125 97 4130 ‘
173 4113 312 4180 teroeum.)
332 4119 359 4168 et
379 4113 531 4170 Corinna
549 4133 592 4186 ap.
612 4118 675 4171 Ant.
694 4118 752 4172 Lib.
774 4118 807 4172 10
828 4115 886 4184 [οι.
907 4124 970 4172 ιιιοι.
990 4119 1036 4184 lV,
1058 4114 1184 4184 1-415].
1222 4117 1298 4182 Quod
1316 4120 1364 4172 Ni-

173 4205 269 4257 cander
297 4205 327 4258 in
355 4221 417 4258 eves
447 4209 619 4259 commutatas
644 4223 702 4262 esse
720 4208 857 4274 Minyades
876 4207 947 4272 dicit,
976 4212 1017 4260 est
1042 4209 1092 4261 hoc
1111 4207 1144 4261 ed
1164 4207 1240 4261 Terei
1258 4207 1365 4262 fabulae
1394 4256 1406 4271 .,

173 4294 323 4363 exemplum
348 4293 450 4362 fictum,
479 4310 531 4363 quo
556 4299 673 4364 tempore
703 4297 936 4364 metamorphoseis
965 4300 992 4350 et
1019 4297 1133 4351 maxime
1162 4297 1364 4364 ornithogoniae

173 4383 296 4437 omnibus
315 4383 515 4452 placebant-
533 4377 578 4449 ¹⁵⁸)
597 4385 736 4452 Preller,
755 4401 792 4454 gr·
808 4385 973 4453 -llythologie
991 4386 1013 4451 1,
1032 4402 1060 4453 p.
1073 4384 1135 4440 429.
1150 4410 1184 4420 ···
1206 4377 1250 4451 157)
1269 4385 1364 4438 Paus.
