3136 5078
774 355 793 418 3

146 539 151 547 ’
286 545 374 624 Quae
398 567 471 612 cum
494 548 542 613 ita
557 547 633 628 sint,
657 549 690 612 in
706 548 855 615 omnibus
870 548 1142 634 disputationibus
1157 548 1198 614 de
1214 547 1377 614 veteribus

193 655 259 720 illis
285 655 429 740 populis,
465 653 506 720 de
540 655 656 739 quibus
690 653 883 722 Graecorum
917 655 1045 723 fabulae
1076 675 1177 742 prope
1205 654 1291 721 solae
1319 674 1379 721 nos

195 762 343 843 edocent,
373 763 512 847 primum
544 761 754 828 statuendum
778 767 843 846 est,
880 782 964 849 quaa
987 762 1073 849 apud
1095 761 1292 830 diversorum
1324 782 1379 846 ge·
1482 829 1485 835 .

194 887 304 935 nerum
328 873 361 936 et
382 873 565 954 temporum
588 875 738 936 auctores
768 869 808 937 de
831 870 873 936 iis
901 871 1080 936 sentcntiae
1102 870 1223 937 fuerint
1246 890 1378 957 eaeque,

193 980 303 1043 utrum
327 996 347 1042 a
368 975 530 1062 prioribus
559 976 744 1043 auctoribus
784 977 853 1043 sive
886 977 992 1062 poetis
1021 977 1090 1043 sive
1116 977 1277 1044 historicis
1300 996 1380 1064 peu·

194 1083 307 1167 deant,
343 1104 385 1150 an
414 1081 544 1149 aliunde
573 1087 663 1149 ortae
687 1085 768 1164 sint3
802 1087 871 1150 tum
895 1083 1037 1167 demum,
1073 1088 1133 1150 aut
1154 1085 1281 1150 omnino
1305 1105 1379 1168 non,

192 1189 429 1274 intellegemus,
459 1210 541 1275 quae
565 1209 583 1257 e
605 1188 733 1257 traditis
761 1191 859 1257 rebus
882 1191 953 1258 erui
976 1189 1149 1277 possint.³)

283 1297 373 1365 Haec
394 1298 496 1381 igitur
516 1300 630 1364 tenens
653 1297 695 1364 ad
711 1284 1265 1384 quaestionem'aliguam'iccedere
1280 1284 1504 1366 ausus‘””'⁰'*''”

194 1427 282 1488 snm,
318 1425 416 1492 quarn
444 1405 509 1471 iam
537 1404 631 1471 multi
665 1405 753 1491 iique
781 1404 993 1472 eruditissimi
1020 1405 1081 1471 viri
1116 1405 1239 1472 solvere
1274 1405 1380 1473 eonati

194 1518 284 1580 sunt:
307 1511 396 1578 illam
419 1510 459 1578 de
476 1509 651 1580 Thracibus
675 1512 764 1596 doc,
795 1513 854 1599 qui
875 1513 910 1578 in
926 1511 1122 1580 Graecorum
1144 1512 1263 1579 fabulis
1280 1511 1380 1580 Grae·

196 1623 265 1688 cias
295 1618 451 1706 quasdam
483 1620 630 1702 regiones
653 1618 825 1704 aliquando
848 1620 1022 1686 incoluisse
1052 1619 1233 1702 traduntur.
1266 1619 1380 1687 Graeci

193 1728 348 1795 memoria
369 1730 541 1794 tenuerunt
562 1727 704 1792 maxima
726 1725 769 1792 ad
783 1726 928 1812 ipsorum
942 1727 1130 1809 religionem
1153 1725 1292 1794 Thraces
1316 1747 1377 1794 non

194 1837 275 1904 nihil
302 1837 457 1915 valuisse;
493 1833 550 1901 scd
584 1834 624 1900 de
659 1834 733 1900 aliis
762 1854 888 1921 quoque
916 1835 1014 1902 rebus
1050 1855 1123 1901 cum
1156 1835 1311 1918 religione
1339 1835 1379 1902 ab

192 1945 285 2010 initio
321 1942 499 2009 coniunctis
532 1941 703 2025 traditum,
738 1943 896 2008 musicam
925 1942 1077 2026 intellego
1107 1962 1145 2009 ac
1172 1943 1224 2008 vel
1254 1942 1378 2028 possin.

193 2049 283 2119 Haec
306 2048 464 2137 quomodo
487 2048 614 2116 barbari
630 2049 754 2115 efficere
769 2049 961 2137 potuissent,
986 2050 1183 2137 quaesitum
1207 2048 1380 2115 difficultas

194 2160 234 2225 ab
262 2159 336 2225 aliis
370 2158 466 2224 aliter
494 2157 645 2243 expedita
680 2162 740 2223 est.
786 2159 836 2223 Ao
863 2178 922 2224 nos
950 2157 1080 2244 quidem
1102 2161 1208 2223 totum
1231 2155 1379 2222 nolumus

193 2270 333 2333 tractare
364 2268 603 2347 argumentum,
637 2263 696 2330 sed
724 2263 847 2351 aliquid
874 2264 916 2331 ad
945 2264 1131 2331 solvendam
1158 2265 1380 2349 quaestionem

195 2374 344 2440 attulisse
368 2372 450 2438 satis
472 2370 662 2438 habebimus
687 2368 881 2438 Graecorum
905 2371 945 2439 de
969 2371 1127 2462 Eumolpo
1150 2378 1184 2438 et
1206 2371 1411 2474 ssllbhssan
1523 2440 1527 2447 ,

193 2480 278 2546 bulis
313 2479 521 2559 examinatis,
562 2479 754 2563 quibuscum
781 2479 847 2544 iarn
876 2478 961 2564 apud
982 2484 1116 2572 ¹veteres
1151 2499 1190 2545 ea
1212 2479 1380 2546 coniuncte

194 2591 276 2667 sunt,
302 2604 384 2670 quae
401 2585 465 2669 ipsi
482 2583 522 2649 de
538 2581 717 2650 Thracibus
732 2583 920 2652 Eleusinem
945 2590 978 2652 et
1000 2585 1170 2651 Phocidem
1194 2585 1379 2651 tenentibus

193 2695 358 2778 comperta
380 2691 561 2757 habuerunt
584 2696 642 2757 aut
664 2696 751 2759 certe
773 2692 891 2759 habere
915 2693 1038 2781 opinati
1061 2697 1146 2759 sunt.
1194 2691 1316 2770 Quibus
1339 2693 1379 2758 de

173 2799 317 2909 Quid.
330 2797 442 2864 fabula
458 2797 712 2884 disputationem
728 2797 854 2881 addam,
879 2820 974 2885 quae,
998 2819 1191 2886 quamquam
1209 2799 1252 2864 ad
1265 2801 1379 2866 Asiam

193 2890 296 2990 magis
326 2909 467 2992 spectat,
504 2908 613 2971 tamen
642 2905 683 2970 ad
707 2902 904 2973 Graecorum
928 2906 968 2972 de
997 2905 1172 2973 Thracibus
1204 2908 1379 2973 sententias

192 3012 428 3098 cognoscendas
456 3012 652 3099 permultum
681 3009 786 3080 affert
832 3015 940 3100 Atque
967 3014 1036 3080 iam
1064 3033 1150 3080 nunc
1178 3014 1258 3080 mihi
1285 3015 1380 3081 venia

191 3121 331 3206 petenda
354 3124 415 3201 est,
439 3120 469 3185 si
492 3119 532 3184 de
556 3118 731 3187 Thracibus
755 3121 914 3189 disserere
936 3122 1102 3209 professus
1129 3122 1258 3206 longius
1279 3123 1380 3189 inter·

193 3226 267 3292 dum
292 3247 312 3291 a
333 3227 499 3313 proposito
523 3246 595 3293 mco
620 3227 729 3310 egredi
752 3229 843 3295 usus
868 3249 937 3310 er03
977 3248 1053 3294 nam
1076 3230 1120 3310 si,
1157 3228 1233 3313 quid
1255 3230 1290 3294 in
1313 3229 1379 3296 illis

191 3333 309 3400 fabulis
326 3331 494 3399 Thracium
520 3334 573 3415 sit,
599 3334 776 3420 quaeritur,
800 3338 886 3400 totae
910 3338 984 3401 sunt
999 3335 1204 3420 spectandae,
1228 3356 1269 3402 ne
1294 3336 1380 3421 quod

192 3442 225 3505 in
243 3461 280 3506 ea
296 3443 369 3526 ipsa
383 3445 484 3526 parte,
509 3461 591 3526 quae
608 3442 741 3507 exclusa
757 3448 854 3526 esset,
879 3441 1048 3508 Thracium
1063 3443 1236 3525 vestigium
1257 3448 1380 3509 temere
1401 3523 1403 3528 Ι

192 3550 388 3631 neglegatur.

282 3744 403 3810 Eorum
436 3748 559 3827 autern,
597 3744 651 3828 qui
682 3752 792 3811 nostra
821 3750 926 3812 aetate
955 3745 995 3812 de
1019 3745 1193 3813 Thracibus
1224 3751 1256 3811 et
1296 3767 1379 3833 quae

193 3850 234 3915 iis
261 3848 493 3916 cumGraecis
521 3852 603 3917 ratio
627 3851 829 3919 interfuisset
863 3854 1076 3939 scripserunt,
1104 3852 1299 3939 permultum
1328 3874 1379 3920 me

195 3957 309 4024 debere
332 3959 479 4025 omuibus
514 3960 565 4042 iis,
591 3980 672 4045 quos
695 3962 778 4026 infra
806 3961 993 4042 recensebo,
1028 3962 1146 4042 fateor,
1183 3980 1380 4046 quamquam

193 4064 329 4152 probare
352 4086 460 4131 eorum
485 4067 662 4133 sententias
687 4087 784 4153 saepe
807 4068 939 4133 minime
961 4067 1061 4155 potui.

284 4241 304 4308 ³)
335 4249 399 4300 Jurs
430 4249 511 4315 igitur
543 4248 574 4301 Δ.
612 4251 648 4302 de
670 4249 880 4303 ,Gutschmid
917 4247 969 4314 (ΕΙ.
998 4249 1055 4318 jhb.
1090 4248 1159 4302 1864
1194 4268 1220 4320 p.
1250 4249 1314 4316 671)
1351 4251 1380 4305 in

194 4337 323 4390 eiusmodi
355 4337 553 4406 quaestionibus
586 4336 670 4403 (velut
703 4341 735 4392 ds
757 4339 886 4408 vPelasgis
919 4337 974 4405 illa)
1008 4340 1184 4393 necessarium
1222 4355 1280 4393 esso
1315 4340 1380 4393 dicit

195 4427 272 4491 „sine
291 4427 449 4482 Gescbichtc
478 4427 524 4480 dar
547 4427 611 4480 ribcr
632 4429 684 4482 den
703 4445 735 4481 zu
753 4431 987 4484 untcrsuchcuden
1006 4429 1096 4483 Punkt
1115 4430 1159 4482 bei
1178 4431 1230 4483 deu
1249 4429 1379 4511 Grlschcu

1164 4520 1176 4571 1
1184 4515 1197 4545 t
