3136 5078
755 334 799 398 54

181 552 269 616 ραις
290 527 334 618 ἦν
359 527 526 592 ἐνταῦθα
548 528 648 611 βίος,
674 529 835 615 ἀποκεῖραι
859 528 1046 616 παρέχουσιν
1069 528 1175 605 αὑτάς.
1217 524 1271 592 Sic
1293 523 1376 612 Ery-

183 635 313 702 thraeos
337 635 404 702 voti
427 641 593 721 compotes
617 637 721 702 factos
745 655 825 702 esse.
873 636 923 701 Ac
943 640 1047 702 totam
1062 634 1144 700 hanc
1160 634 1377 701 narrationem

185 742 227 809 ad
261 743 334 828 ipsa
367 742 584 828 posteriorum
619 746 803 830 temporum
831 743 984 810 instituta
1011 743 1120 808 fictam
1149 762 1220 808 esse
1243 747 1378 827 apparet

184 851 296 936 itaque
332 849 411 914 hace
448 849 521 935 ipsa
558 850 710 917 instituta
749 854 897 916 accurate
936 849 1079 916 reddere.
1145 848 1199 915 Ad
1231 854 1378 916 nostram

187 977 260 1023 vero
291 978 360 1024 rem
378 949 525 1023 ¹marimi
555 961 605 1023 est
636 959 792 1024 momenti
822 955 961 1045 Thraces
990 957 1093 1022 fuisse
1123 955 1379 1042 Erythraeorum

186 1071 327 1151 partem,
368 1068 400 1130 et
426 1065 530 1130 fuisse
559 1065 690 1131 illorum
722 1071 755 1130 et
793 1084 903 1131 servos
942 1068 974 1130 et
1003 1064 1138 1147 liberos,
1179 1066 1237 1151 qui
1267 1073 1378 1130 tamen

187 1178 220 1239 et
242 1173 308 1259 ipsi
331 1193 351 1238 a
374 1172 506 1238 civibus
522 1177 631 1239 essent
654 1172 772 1239 diversi
796 1171 972 1258 (inquilini,
996 1172 1156 1259 μέτοικοι).
1192 1174 1279 1259 Apte
1303 1193 1379 1238 cum

186 1280 326 1347 Achaeis
360 1278 536 1346 Laconicae
584 1280 699 1346 incolis
743 1279 863 1364 partim
899 1277 1058 1344 Perioecis
1102 1280 1223 1364 partim
1257 1277 1378 1346 Hilotis

188 1389 341 1455 conferas.
390 1387 474 1455 Sunt
496 1392 605 1455 autem
627 1386 799 1474 Erythrae,
825 1387 972 1473 quamvis
996 1387 1103 1454 Ioniae
1128 1388 1269 1454 coloniae
1291 1409 1377 1474 pars,

188 1517 208 1562 a
247 1497 362 1582 priscis
390 1494 545 1562 Boeotiae
582 1496 724 1562 maxime
758 1495 870 1560 incolis
899 1494 1057 1560 conditae.
1112 1495 1213 1562 Cuius
1248 1497 1378 1582 (totius)

188 1605 330 1670 coloniae
354 1604 530 1690 participes
560 1604 661 1670 inisse
684 1601 812 1688 Minyas
837 1601 1064 1668 Orchomenios
1088 1609 1132 1669 et·
1147 1603 1303 1669 Cadmeos
1326 1604 1380 1670 vel

189 1731 231 1777 ex
241 1709 408 1778 Herodoto
425 1716 537 1777 notum
554 1709 676 1796 est.¹⁹³)
702 1709 906 1777 Conditorem
919 1709 1115 1795 Pherecydes
1132 1710 1210 1777 dicit
1222 1709 1379 1805 Gnopum,

190 1818 285 1886 Codri
320 1818 422 1884 filium
449 1839 526 1885 non
549 1819 748 1902 legitimum,
784 1818 843 1884 sed
865 1818 1004 1883 nothum
1027 1817 1076 1903 (id
1100 1818 1186 1904 quod
1211 1819 1291 1885 satis
1315 1819 1381 1884 iam

188 1946 247 2010 per
281 1947 316 1992 se
345 1947 409 1993 non
431 1943 519 1994 mere
542 1927 666 1993 Ioniam
700 1926 861 1992 coloniam
896 1924 1139 2012 coarguit;)¹⁹4)
1176 1927 1232 2011 qui
1260 1929 1332 2011 ipse
1361 1947 1382 1992 a

191 2033 315 2120 Gnopia
336 2033 490 2102 Boeotiae
514 2032 652 2118 1000195)
676 2032 902 2100 denominatus
926 2052 996 2099 esse
1019 2032 1157 2099 videtur.
1203 2032 1289 2110 Quin
1311 2036 1382 2099 tota

190 2144 267 2209 urbs
290 2140 505 2227 Erythrarum
521 2141 729 2207 Boeotiarum
752 2140 878 2206 colonia
900 2140 1028 2206 dicitur.
1038 2138 1096 2225 196)
1133 2138 1215 2205 Cum
1231 2139 1384 2227 Cadmeis

191 2251 292 2334 igitur
315 2247 453 2341 Thraces
477 2268 606 2334 quoque
637 2247 960 2329 imAsiamyemsse
983 2247 1052 2312 veri
1076 2247 1181 2313 simile
1205 2253 1271 2329 est;
1307 2267 1383 2313 nam

149 2432 164 2449 Ι,
192 2358 220 2424 si
244 2377 262 2423 e
287 2338 533 2422 cimmeriorum
562 2362 595 2421 et
618 2353 778 2420 Thracum
808 2355 842 2420 in
866 2354 982 2421 Asiam
1013 2355 1252 2422 incursionibus
1274 2359 1383 2422 esseut

48 2450 143 2520 Μ’
191 2465 307 2547 relicti,
332 2484 396 2550 quo
419 2463 552 2530 taudem
574 2461 669 2529 modo
693 2466 762 2528 tam
785 2465 871 2527 arcte
895 2481 970 2527 cum
995 2461 1127 2529 Graecis
1155 2463 1304 2542 coniungi
1326 2482 1383 2548 po·

190 2573 345 2653 tuissent,
374 2572 469 2637 utin
493 2569 617 2637 Graeca
644 2570 723 2637 urbe
758 2590 819 2636 sua
853 2570 926 2635 iura
950 2590 1091 2655 suosque
1114 2569 1193 2636 deos
1216 2570 1384 2650 haberent,

191 2682 322 2748 difficile
347 2685 435 2747 esset
459 2679 557 2747 dictu.
565 2676 624 2764 1⁹⁷)
648 2717 691 2727 -

196 2817 200 2831 ¹
281 2787 399 2874 Neque
428 2807 505 2853 vero
527 2784 768 2852 Aristotelis
803 2785 1025 2851 testimonium
1060 2783 1384 2870 praetermittendum

192 2901 253 2974 est,
278 2896 334 2981 qui
357 2893 497 2960 Thraces
519 2892 602 2959 Abis
625 2912 667 2956 ex
689 2891 874 2958 Phocidis
899 2889 1016 2976 oppido
1036 2892 1197 2976 proiectos
1219 2889 1385 2958 Euboeam

192 3002 366 3068 incoluisse
391 3000 492 3080 otiis,
516 2999 572 3084 qui
588 3001 684 3064 autea
699 2998 893 3079 tenuissent,
909 2996 1074 3064 Abentum
1090 3018 1208 3065 nomen
1226 2998 1385 3065 indidisse

192 3104 409 3193 nandium)
433 3105 572 3174 Thraces
585 3106 664 3192 quin
669 3105 752 3173 Abis
763 3104 969 3173 inEuboeem
981 3106 1154 3192 aliquando
1167 3107 1386 3190 migraverint,

193 3215 342 3303 equidem
365 3234 497 3281 cauum
520 3213 615 3282 video
638 3215 776 3296 nullam,
804 3213 1143 3301 quoddubitem3198)
1178 3220 1281 3282 totam
1310 3233 1385 3280 vero

191 3424 344 3497 Ἡράκλειόν
363 3428 419 3479 ἐστι
437 3428 567 3494 γυναικῶν
585 3424 680 3488 μόναις
699 3423 755 3488 (καὶ
778 3425 809 3477 τὸ
832 3419 964 3494 καλῴδιον
983 3424 1015 3476 τὸ
1036 3427 1066 3478 ἐκ
1085 3429 1138 3478 τῶν
1166 3428 1262 3494 τριχῶν
1291 3423 1334 3475 καὶ
1358 3425 1388 3483 ἐς

197 3517 248 3582 ἐμὲ
269 3515 308 3569 ἔτι
326 3517 352 3567 οἱ
372 3515 508 3585 ἐπιχώριοι
527 3509 729 3583 φυλάσσουσιν).
742 3535 777 3548 -
799 3505 844 3576 199)
863 3512 934 3564 Hdt.
952 3511 972 3578 1,
994 3514 1053 3566 146.
1074 3540 1107 3550 -
1130 3507 1174 3578 ¹⁹⁴)
1193 3512 1323 3565 Pherae.
1344 3528 1387 3580 ap.

196 3605 282 3659 Strab.
301 3605 377 3669 XIV,
399 3605 423 3669 l,
442 3601 459 3655 3
477 3619 504 3671 p.
524 3596 609 3668 632s3
629 3597 757 3668 (pertinet
774 3600 809 3653 ad
827 3601 858 3653 ir.
881 3597 1095 3672 111)Ἐρύι1ρας
1114 3603 1146 3654 δὲ
1166 3600 1253 3654 ἔκτισε
1266 3597 1387 3667 Kadmos,

197 3697 255 3756 υἱὸς
273 3690 383 3763 Κόδρου
407 3692 497 3751 νόθος.
527 3717 562 3726 -
589 3684 633 3756 ¹⁹⁶)
652 3689 755 3744 strab.
775 3689 824 3757 IX,
844 3688 870 3756 2,
891 3690 924 3744 10
942 3707 968 3760 p.
989 3692 1052 3745 404.
1071 3687 1182 3744 Κνιοπία
1200 3692 1273 3744 locus
1292 3691 1389 3744 dicitur

195 3802 278 3855 prope
299 3784 412 3838 Thebas.
433 3806 467 3816 ·-
488 3774 533 3844 ¹⁹⁸)
554 3780 659 3835 Strab.
679 3779 727 3846 IX,
748 3778 774 3845 2,
796 3779 828 3834 12
847 3797 874 3848 p.
886 3781 951 3833 404.
970 3807 1005 3818 -
1026 3774 1071 3846 197)
1090 3780 1163 3845 Quas
1182 3797 1245 3835 vera
1262 3781 1387 3834 Herculis

197 3892 213 3928 a
232 3873 371 3927 Thraessis
392 3871 458 3925 culti
477 3886 557 3924 causa
576 3871 666 3936 fuerit,
685 3871 791 3939 ignor03
810 3870 859 3925 sed
879 3870 999 3938 Tyrius
1017 3871 1147 3924 Hercules
1165 3870 1326 3925 Herodotum
1346 3888 1387 3925 re-

197 3964 276 4019 dolet.
323 3957 372 4017 Est
395 3962 467 4016 enim
485 3967 577 4015 auctor
599 3961 639 4014 rei
658 3959 816 4015 Pausanias!
845 3986 880 3996 -
899 3958 963 4021 ¹⁹⁷⁸)
983 3960 1120 4015 Aristct.
1138 3977 1181 4028 ap.
1200 3961 1287 4016 Strab.
1305 3947 1341 4028 X,
1365 3961 1388 4025 l,

198 4053 224 4119 3,
244 4070 270 4122 p.
289 4053 355 4107 445:
380 4051 446 4122 φησι
471 4051 504 4104 δὲ
524 4047 708 4121 Ἀριστοτέλης
731 4051 766 4111 ἐξ
777 4045 861 4117 ’Ἄβας
879 4052 929 4116 τῆς
951 4047 1074 4116 Φωκαῆς
1092 4044 1196 4122 θρᾷκας
1215 4052 1388 4121 ὁρμηθέντας

200 4144 341 4208 ἐποικῆσαι
371 4141 418 4212 τὴν
450 4143 528 4208 νῆσον
559 4140 605 4194 καὶ
636 4141 803 4206 ἐπονομάσαι
828 4134 960 4206 Ἄβαντας
991 4138 1056 4198 τοὺς
1087 4139 1198 4212 ἔχοντας
1229 4141 1320 4211 αὐτήν,
1352 4169 1386 4178 -

202 4225 247 4298 ¹³⁸)
270 4229 434 4299 Quamquam
471 4232 503 4284 A.
522 4231 619 4284 Riese
635 4230 695 4300 jhb.
725 4229 794 4284 1877
822 4230 841 4282 1.
869 4229 886 4281 1.
914 4229 1034 4283 Abantes
1062 4229 1176 4284 Thraces
1203 4230 1286 4284 fuisse
1315 4232 1387 4284 ideo

199 4327 292 4391 negat,
323 4321 385 4389 quia
410 4321 556 4374 Pausanias
588 4322 661 4389 ipsos
689 4320 807 4374 ubsrum
834 4319 935 4372 incolas
964 4319 1087 4387 Argiuam
1116 4320 1244 4387 originem
1271 4320 1387 4388 profiteri

199 4411 346 4466 affirmavit.
392 4410 484 4480 Neque
513 4427 574 4465 vero
602 4425 759 4479 quemquam
786 4410 905 4477 ignorare
933 4411 1035 4478 opinor,
1063 4409 1128 4477 quid
1154 4408 1193 4461 illi
1213 4410 1251 4469 ὡς
1269 4408 1389 4478 λέγουσιν
