3136 5078
773 340 792 403 3

145 526 150 533 ’
284 532 373 609 Quae
397 552 470 598 oum
492 533 541 598 ita
556 532 632 613 sint,
656 533 689 598 in
705 533 854 600 omnibus
869 532 1141 618 disputationibus
1156 531 1197 598 de
1213 531 1377 598 veteribus

192 640 258 706 illis
285 640 428 726 populis,
465 637 504 705 de
539 640 655 725 quibus
690 637 883 706 Graecorum
916 639 1045 706 fabulae
1076 659 1176 726 prope
1204 638 1290 705 solae
1319 658 1378 704 nos

194 748 342 828 edocent,
372 748 512 833 primum
543 745 842 830 sternendarum,
879 765 963 833 qnae
986 746 1072 833 apud
1095 744 1292 814 diversorum
1323 766 1378 830 ge·
1481 812 1485 818 .

193 874 303 921 nerum
327 857 360 920 et
382 858 564 939 temporum
588 859 737 920 auctores
768 854 807 921 de
830 855 873 920 iis
900 854 1080 920 sententiae
1102 854 1222 921 fuerint
1245 873 1378 940 eaeque,

192 965 302 1028 utrum
326 982 346 1027 ι
367 961 529 1047 prioribus
558 960 744 1027 auctoribus
783 961 851 1028 siue
886 961 992 1046 poetis
1021 960 1090 1027 sive
1116 961 1277 1027 historicis
1300 980 1380 1048 pen-

193 1069 306 1152 deant
343 1089 385 1135 an
414 1067 543 1134 aliunde
574 1072 662 1133 ortae
686 1069 767 1149 sint3
802 1071 870 1134 tum
894 1067 1036 1150 demum,
1073 1071 1132 1134 aut
1154 1069 1281 1134 omnino
1304 1088 1378 1152 non,

191 1175 428 1259 intellegemus,
458 1194 540 1260 quae
565 1195 582 1242 e
604 1173 733 1241 traditis
761 1174 858 1241 rebns
881 1175 952 1243 erui
975 1175 1111 1274 possint.
1118 1173 1148 1261 ²³)

282 1282 372 1351 Haeo
394 1283 495 1366 igitur
516 1285 630 1349 tenens
653 1281 694 1348 ad
711 1283 934 1369 quaestionem
950 1268 1090 1368 aliquam
1106 1268 1264 1351 accedere
1280 1303 1378 1350 ausus
1471 1268 1504 1274 '⁸

193 1412 281 1474 sum,
317 1410 416 1477 quam
444 1390 509 1455 iam
536 1388 674 1456 multi
664 1391 753 1476 iique
781 1389 993 1456 eruditissimi
1019 1390 1082 1455 viri
1116 1389 1239 1457 solvere
1274 1389 1381 1455 conati

193 1503 284 1565 sunt:
307 1497 396 1563 illam
419 1495 459 1563 de
476 1495 651 1564 Thracibus
675 1497 764 1581 dico,
795 1497 853 1583 qui
874 1497 909 1563 in
926 1495 1122 1564 Gmeoorum
1144 1496 1262 1563 fabulis
1280 1495 1379 1563 Grae·

195 1608 264 1673 ciae
294 1603 450 1691 quasdam
483 1605 630 1688 regiones
653 1603 825 1690 aliquando
848 1604 1021 1671 indoluisse
1052 1603 1233 1685 traduntur.
1265 1603 1379 1672 Graeci

193 1714 348 1780 memoria
369 1715 541 1780 tenuerunt
562 1711 703 1776 maxime
726 1709 768 1776 ad
784 1711 928 1796 ipsorum
942 1711 1130 1793 religionem
1153 1709 1293 1779 Thraces
1315 1732 1377 1778 non

193 1823 274 1889 nihil
302 1821 456 1900 ιιιιιιιιι;
492 1817 549 1887 ιιι
584 1818 624 1885 de
659 1819 733 1885 aliis
761 1838 888 1907 quoque
916 1819 1015 1886 rebus
1050 1840 1123 1885 oum
1157 1819 1311 1902 religione
1339 1819 1379 1886 ab

192 1929 285 1995 initio
320 1927 498 1994 coniunctis
532 1926 702 2010 traditum,
738 1927 897 1992 musicam
924 1926 1078 2010 intellego
1107 1945 1145 1993 ac
1172 1927 1224 1992 vel
1254 1926 1378 2012 poesin.

192 2034 283 2104 Haeo
306 2032 463 2122 quomodo
487 2033 614 2100 barbari
630 2033 754 2100 efficere
769 2034 961 2122 potuissent,
986 2033 1183 2120 quaesitum3
1207 2033 1380 2099 difficultas

193 2146 234 2211 ab
262 2145 335 2211 aliis
370 2143 465 2209 aliter
494 2141 645 2228 expedita
680 2147 739 2209 est.
786 2142 836 2208 Ac
863 2162 922 2208 nos
950 2141 1081 2227 quidem
1102 2146 1208 2208 toturn
1231 2139 1380 2207 nolumus

194 2254 333 2318 tractare
364 2254 602 2332 argumentum,
637 2247 695 2315 sed
724 2247 847 2336 aliquid
874 2249 917 2315 ad
945 2248 1131 2315 solvendam
1158 2248 1380 2334 quaestionem

194 2359 343 2425 attulisse
368 2358 449 2424 satis
472 2355 662 2422 habebimus
687 2353 881 2423 Graecorum
905 2356 945 2423 de
969 2355 1127 2447 Eumolpo
1151 2361 1185 2422 et
1207 2354 1380 2441 Tenedia·
1401 2420 1411 2433 ,.

193 2467 277 2532 bulis
313 2464 521 2544 examinatis,
563 2463 753 2548 quibuscum
781 2465 847 2530 iam
876 2463 961 2550 apud
982 2468 1116 2556 ¹veteres
1151 2483 1189 2529 ea
1206 2442 1380 2529 boniuncta

193 2577 276 2653 sunt,
302 2591 383 2656 quae
401 2570 465 2655 ipsi
482 2569 521 2634 de
537 2567 716 2635 Thracibus
732 2568 921 2635 Eleusinem
945 2574 978 2636 et
1000 2569 1171 2635 Phocidem
1194 2569 1379 2636 tenentibus

192 2680 357 2763 comperta
379 2677 641 2743 habueruntt
584 2680 641 2742 ant
663 2681 751 2744 certe
772 2676 891 2744 habere
915 2678 1038 2764 opinati
1061 2683 1146 2744 sunt.
1194 2675 1316 2754 Quibus
1339 2675 1379 2742 de

173 2785 308 2891 Phinei
330 2785 441 2850 fabula
457 2782 712 2870 disputationem
728 2781 854 2866 addam,
879 2804 974 2870 quae,
999 2804 1192 2870 quamquam
1209 2783 1251 2848 ad
1265 2784 1380 2850 Asiam

173 2844 296 2976 magis
326 2894 467 2978 spectat,
503 2896 613 2958 ιιιιιιιι
642 2890 684 2957 ιιι
708 2890 904 2959 Graecorum
928 2891 968 2957 de
997 2889 1172 2958 Thracibus
1204 2891 1340 2957 sentent
1331 2910 1380 2957 ιιι

192 2999 428 3084 cognoscendas
456 3000 652 3084 permultum
681 3000 977 3085 ubertimque
967 3020 1036 3065 iam
1064 3018 1150 3064 nuno
1179 2998 1258 3064 mihi
1286 2998 1381 3064 venia

191 3112 248 3193 pet
234 3107 332 3172 tenda
354 3110 415 3186 est,
440 3106 469 3170 ιι
493 3105 533 3170 de
557 3104 731 3172 Thracibus
755 3105 914 3173 disserere
937 3107 1102 3193 professus
1130 3107 1257 3190 longius
1280 3108 1380 3174 inter·

193 3212 267 3277 dnm
293 3211 500 3298 aproposito
524 3230 596 3277 meo
621 3211 730 3292 egredi
752 3213 844 3279 uisus
868 3233 938 3294 ero;
978 3232 1053 3278 nam
1077 3215 1121 3293 si,
1157 3212 1233 3298 quid
1256 3214 1290 3278 in
1314 3213 1380 3279 illis

192 3316 310 3384 fabulis
327 3316 495 3382 Thracium
521 3318 574 3399 ιιι,
599 3318 776 3403 quaeritur,
800 3322 887 3383 totae
911 3322 985 3384 sunt
1000 3318 1205 3404 spectandae,
1229 3340 1270 3385 ne
1295 3320 1381 3405 quod

192 3427 226 3490 in
243 3445 282 3490 ιι
297 3427 369 3510 ipsa
384 3429 485 3509 parte,
511 3445 592 3510 quae
609 3426 742 3490 exclusa
758 3430 855 3510 esset,
879 3425 1048 3492 Thracium
1064 3426 1237 3508 vestigium
1258 3431 1380 3493 temere
1401 3507 1404 3512 ¹

192 3533 389 3615 neglegatur.

283 3728 403 3794 Eorum
437 3732 493 3793 ant
494 3748 560 3811 em,
597 3728 652 3813 qni
683 3734 757 3795 nost
757 3751 793 3795 ra
821 3734 908 3796 aetat
894 3729 995 3796 tede
1020 3728 1257 3797 Thracibusct
1243 3735 1380 3816 tquae

193 3836 233 3901 iis
261 3856 335 3901 cum
360 3833 573 3901 Graecist
521 3839 573 3901 rat
574 3836 604 3902 io
627 3835 830 3904 interfuisset
816 3837 1077 3923 tsoripserunt,
1105 3837 1246 3922 permult
1245 3857 1300 3902 um
1329 3858 1380 3904 me

194 3943 309 4010 debere
332 3943 523 4010 omnibns
515 3945 566 4026 ιιι,
591 3965 672 4030 quos
696 3946 779 4010 infra
807 3944 994 4026 recensebo,
1029 3946 1147 4026 fateor,
1183 3965 1381 4030 quamquam

193 4051 329 4137 probare
353 4071 461 4117 eornm
485 4051 663 4117 sententias
688 4071 784 4137 saepe
807 4053 939 4117 minime
962 4051 1062 4138 potui.

285 4227 304 4293 ³)
336 4235 399 4286 Jnre
430 4235 512 4301 igitur
543 4233 574 4286 h.
613 4235 649 4287 de
670 4233 881 4288 ,Gntschmid
917 4231 970 4299 (Fi.
998 4234 1057 4302 jhb.
1090 4232 1160 4287 1864
1195 4253 1221 4304 p.
1251 4233 1315 4299 671)
1352 4236 1381 4289 ιιι

195 4323 322 4376 eiusmodi
355 4323 554 4391 quaestionibus
587 4320 671 4387 (velut
703 4325 735 4376 da
768 4324 887 4392 Pelasgis
919 4321 975 4389 illa)
1008 4324 1184 4377 necessarium
1223 4340 1281 4377 esse
1316 4325 1381 4377 dicit

195 4412 272 4476 „eine
292 4413 450 4467 Geschiehta
478 4413 525 4465 der
548 4412 613 4466 iiber
632 4414 685 4466 den
703 4430 736 4466 zu
754 4414 988 4468 untersuehenden
1007 4413 1098 4467 Punlt
1116 4414 1160 4467 bei
1179 4415 1231 4467 don
1250 4413 1380 4494 Griechen

1165 4504 1177 4554 l
1185 4500 1198 4530 *
