3136 5078
796 274 838 339 56

221 466 356 550 egimus,
392 469 573 554 exemplum
604 470 798 555 probaverit.
845 468 954 536 Unum
983 470 1081 535 etiam
1108 470 1150 536 ad
1172 475 1317 536 nostram
1341 490 1408 537 rem

221 594 262 640 ex
292 572 440 660 Orphiois
470 576 540 642 eius
568 575 655 642 modi
686 576 804 642 studiis
833 581 964 662 eaptum
992 577 1033 642 iri
1060 579 1202 643 fructum
1230 598 1340 664 spero,
1372 584 1410 644 ut

220 683 353 748 remotis
382 703 459 749 sane
488 684 619 765 multis,
655 703 737 770 quae
768 689 892 751 veteres
920 689 954 750 et
981 689 1111 751 nostrae
1140 705 1266 771 quoque
1295 686 1410 752 1111111

220 789 282 854 viri
312 789 398 857 dooti
426 790 466 855 ad
490 789 628 858 Thraces
656 792 739 858 falso
775 793 969 874 retulerunt,
1004 793 1045 858 iis
1085 812 1166 878 quae
1199 794 1411 860 remanebunt

220 896 432 964 confidentius
461 900 569 982 paullo
598 900 648 966 uti
676 901 840 986 possimus
868 899 1081 991 1111111111,
1117 901 1174 986 qui
1209 902 1242 966 in
1273 901 1411 970 Graecia

222 991 459 1087 111111111111,
484 1005 645 1073 Thracum
668 1008 842 1090 imaginem
865 1007 1109 1074 restituendam.

711 1226 926 1236 ————-

222 1441 291 1515 ΠΙ.
322 1442 391 1517 DE
419 1444 613 1519 ΡΗῙΝΈΟ
641 1447 706 1519 ΕΤ
734 1444 803 1518 DE
832 1443 1125 1519 THRAGIBUS
1143 1442 1406 1518 ASIATIOIS.

795 1659 824 1720 A

311 1776 520 1846 Nobilissima
543 1780 583 1846 de
605 1780 726 1848 Phineo
751 1785 785 1847 et
808 1780 950 1867 Harpyis
972 1780 1083 1847 fabula
1106 1799 1181 1845 oum
1204 1783 1332 1846 vetuste
1355 1780 1412 1846 illa

221 1883 262 1952 de
284 1885 547 1981 Argonautarum
569 1889 686 1955 itinere
710 1889 860 1955 cohaeret
874 1887 917 1955 'et
940 1888 1089 1954 similiter
1112 1892 1208 1974 atque
1236 1886 1317 1955 haee
1345 1892 1411 1954 tra-

216 1994 289 2060 dita
309 1984 403 2063 nonis
427 1984 496 2063 esti
528 1979 687 2081 integram
711 1998 870 2065 habemus
899 1996 985 2084 apud
1008 1996 1219 2082 Apollonium
1241 1994 1411 2085 Rhodium,

220 2100 278 2167 sed
300 2102 396 2169 huius
419 2106 562 2171 maxime
590 2106 715 2191 optima
742 2105 865 2171 seholia
893 2109 926 2170 et
949 2103 1139 2191 Apollodori
1166 2104 1345 2186 variarum,
1374 2108 1412 2169 11
1496 2149 1498 2151 ·

219 2212 267 2305 ita
291 2210 406 2294 dinam,
430 2212 603 2278 lectionum
629 2217 740 2279 satura
764 2213 803 2280 de
827 2212 963 2279 diversis
986 2212 1115 2279 fabulae
1130 2212 1243 2278 formis
1259 2231 1318 2278 nos
1335 2209 1411 2278 edo·

221 2323 302 2400 nent,
339 2317 379 2384 de
413 2318 587 2402 tragoediis
610 2319 653 2386 ad
675 2320 736 2387 hoe
765 2324 990 2403 argumentum
1031 2323 1117 2386 eerte
1145 2320 1175 2385 si
1203 2317 1293 2404 quod
1321 2316 1408 2384 aliud

89 2481 91 2485 ,
219 2425 380 2507 tragioum
394 2426 642 2510 pertinentibus,
666 2427 707 2494 de
722 2428 937 2494 reeentiorum
952 2427 1148 2512 scriptorum
1164 2425 1409 2507 mutationibus,

218 2531 358 2618 denique
381 2532 416 2599 id
438 2533 525 2620 quod
548 2555 713 2601 summum
735 2540 786 2602 est
809 2535 849 2602 de
871 2539 1015 2602 veterum
1038 2536 1203 2620 epieorum
1230 2535 1411 2601 earminum

218 2643 429 2722 argumentis.
461 2643 493 2708 A
514 2643 633 2729 quibus
654 2644 864 2729 Apollonium
878 2663 941 2709 non
965 2642 1107 2709 multum
1130 2641 1263 2728 quidem
1286 2641 1411 2707 dissen-

221 2747 284 2814 tire
307 2748 500 2834 videbimus,
525 2771 599 2818 eum
622 2753 761 2818 maiores
791 2772 865 2817 eum
893 2752 1026 2833 magieis
1054 2750 1291 2836 discrepantiae
1315 2751 1350 2815 in
1374 2768 1410 2817 eo

220 2856 436 2923 inveniantur.
482 2857 590 2936 Quare
613 2859 717 2944 primo
741 2859 871 2924 omnino
895 2855 1066 2924 dicendum
1090 2856 1220 2922 videtur
1242 2855 1282 2923 de
1310 2857 1411 2942 epiois

220 2963 419 3031 earminibus
447 2964 523 3031 inde
552 2965 592 3031 ab
615 2963 760 3031 Hesiodo
789 2984 894 3050 usque
919 2964 960 3030 ad
983 2963 1206 3050 Apollonium,
1231 2963 1347 3031 deinde
1370 2962 1411 3030 de

219 3070 395 3154 tragoediis
419 3076 452 3138 et
475 3073 533 3157 qui
556 3093 611 3140 eas
635 3076 816 3159 sequuntur
838 3072 1058 3159 seripturibus.

804 3314 820 3375 1

311 3429 476 3523 thegm
490 3431 693 3498 Hesiodus
718 3431 796 3496 dioit
817 3431 986 3498 Phoenieis
1000 3431 1162 3514 Agenoris
1183 3432 1206 3496 f.
1229 3435 1262 3497 et
1283 3429 1412 3496 Cassio·

220 3520 456 3624 peue'''uraer
482 3540 506 3605 f.
530 3540 649 3619 enum
685 3535 796 3603 cilicis
836 3536 972 3624 noryeu
1007 3539 1169 3626 [nemu]
1204 3535 1410 3625 oenomao)

219 3642 380 3711 Gaeeatns
401 3649 454 3711 est
475 3643 654 3710 seeundum
677 3643 813 3727 Magnas
835 3641 952 3727 Eoeas,
969 3645 1047 3731 quia
1068 3644 1187 3726 Phrixo
1211 3645 1296 3710 viam
1321 3663 1411 3711 mon-

221 3756 369 3836 strasset,
393 3752 570 3820 seeundum
593 3755 727 3820 tertium
750 3754 889 3837 catalogi
911 3753 1040 3835 librum,
1066 3754 1144 3840 quia
1165 3754 1296 3837 longam
1311 3755 1412 3821 vitam

163 4011 166 4018 .
222 3978 269 4050 ²⁰⁰)
306 3986 379 4044 Hes.
417 4006 460 4059 ap.
498 3989 579 4044 111111.
616 3986 765 4055 1111111111.)
801 3990 853 4059 Ap.
890 3989 940 4043 Ro.
971 3990 1005 4057 ΙΙ,
1044 3989 1108 4042 1181
1151 3990 1190 4050 ὡς
1226 3990 1259 4043 δὲ
1291 3986 1413 4049 Ἡσίοδός

221 4094 314 4145 φησιν,
347 4075 467 4140 Φοίνικος
492 4083 540 4133 τοῦ
562 4075 705 4150 Ἀγήνορος
727 4080 772 4134 καὶ
796 4076 977 4140 Κασσιεπείας
995 4077 1045 4146 [11.
1069 4076 1163 4140 Φινεύς
1187 4076 1277 4144 ternod,
1297 4077 1412 4144 (ὁμοίως
1472 4125 1473 4129 ,

221 4167 254 4219 δὲ
296 4167 340 4220 καὶ
379 4163 573 4240 Ἀσκληπιάδης
609 4167 672 4234 art)
715 4171 746 4223 ἐκ
787 4170 820 4223 δὲ
854 4165 1036 4229 Κασσιεπείας
1073 4171 1122 4237 τῆς
1155 4164 1273 4239 Ἀράβοο
1314 4166 1412 4222 Φοίνικι

223 4256 324 4326 γίνεται
343 4254 422 4319 Κίλιξ
441 4260 485 4313 καὶ
509 4257 603 4321 Φινεὺς
621 4260 667 4313 καὶ
680 4258 824 4330 Δόρυκλος.
856 4260 915 4313 1111
934 4265 1097 4328 postremum
1116 4274 1222 4329 quoqne
1242 4273 1275 4310 ex
1293 4257 1410 4311 Hesiodo

221 4350 334 4416 petitum
361 4350 502 4406 verisimile
530 4357 572 4404 est
600 4366 634 4406 ex
661 4349 724 4403 Hes.
753 4350 853 4404 11111.
873 4347 908 4403 43
933 4349 976 4402 Ki.
997 4347 1094 4414 (Strab.
1123 4349 1144 4413 1,
1170 4344 1227 4413 42),
1254 4347 1303 4399 nbi
1321 4346 1410 4409 Arabi,
