3136 5078
808 311 862 372 ‘28

337 501 373 568 Si
389 507 497 568 autem
512 499 776 588 Eumolpidarum
801 502 906 585 gentis
924 495 1035 567 auctor
1052 504 1102 566 est
1117 496 1308 586 Eumolpus,
1326 501 1434 566 omnia

245 611 387 695 primum
413 610 530 677 fecisse
558 614 616 674 aut
643 609 825 676 instituisse
854 628 927 674 eum
958 612 1100 696 oportet,
1130 627 1212 694 quae
1236 607 1279 673 ad
1301 607 1433 674 Eumol-

245 717 518 805 pidarum-officia
540 717 758 802 pertinebant:
782 717 908 802 primus
934 714 1146 801 hierophanta
1166 715 1268 781 fuisse
1291 717 1433 801 primus-

246 844 307 910 que
330 825 486 910 mysteria
509 824 754 890 administrasse
792 825 901 908 itaque
931 827 987 888 aut
1014 824 1084 908 ipse
1112 822 1293 888 instituisse
1323 827 1381 888 aut
1415 844 1434 889 a

246 932 297 998 dis
321 935 482 1018 accepisse
508 931 676 1015 fingendus
699 933 769 997 fuit.
816 931 904 1009 Quae
932 932 1038 997 omnia
1053 950 1073 995 a
1089 929 1222 997 Graecis
1251 932 1433 997 auctoribus

246 1041 276 1105 ei
313 1039 445 1105 attribui
480 1039 631 1120 vidimus,
645 1037 703 1124 l¹⁰)
728 1038 786 1104 sed
818 1040 888 1104 iure
921 1058 1020 1103 unum
1056 1036 1217 1103 Plutarchi
1232 1037 1289 1124 11¹)
1328 1039 1432 1104 locum

246 1145 387 1214 soraee
426 1148 561 1233 pressit:
617 1144 798 1232 Εὔμολπον,
840 1147 875 1223 δς
904 1147 939 1211 ἐκ
976 1143 1099 1234 θρᾲκης
1125 1146 1287 1244 μεταστὰς
1316 1145 1435 1234 ἐμύησε
1538 1235 1541 1240 Ι

245 1257 295 1319 καὶ
329 1259 404 1341 μυεῖ
430 1256 501 1331 τοὺς
518 1249 680 1343 Ἕλληνας.
733 1253 800 1319 lam
827 1272 904 1319 vero
934 1257 967 1319 et
994 1273 1110 1319 nomen
1146 1253 1273 1318 facilius
1304 1253 1365 1317 erit
1393 1252 1433 1317 ad

246 1361 488 1447 explicandum:
528 1359 741 1447 Eumolpidae
775 1361 821 1425 ita
859 1364 936 1426 sunt
974 1360 1143 1445 appellati,
1183 1361 1260 1445 quia
1297 1361 1434 1445 mystica

244 1469 392 1557 δρώμενα
428 1469 595 1535 cantilenis
631 1469 699 1534 suis
734 1469 986 1553 prosequebatur
1019 1467 1237 1554 hierophanta,
1278 1466 1313 1532 id
1347 1467 1432 1553 quod

243 1578 443 1662 epigramma
481 1576 596 1661 prohat
634 1576 784 1662 quamvis
823 1595 864 1640 ex
902 1574 1025 1641 ultimis
1063 1595 1164 1660 prope
1205 1575 1433 1659 mysteriorum

242 1681 522 1769 temporibus:1¹2)

336 1793 486 1883 [Μνῆ]μα
509 1791 580 1855 τύδε
604 1791 755 1877 ύφιφανὲς
781 1790 912 1880 Δη[οῦ]ς
936 1791 1140 1879 [ζ]α[κύρ]οιο
1164 1790 1318 1878 δέδορκας

377 1899 487 1987 μυρίον
512 1901 544 1964 έν
568 1898 777 1986 σοφίηχκύδος
800 1899 1013 1984 ἐνενκαμένου·

332 2007 367 2084 hg
390 2008 515 2084 τελετὰς
539 2007 676 2095 ἀνέφηνε
699 2009 751 2069 καὶ
773 2005 864 2093 ύρχια
888 2008 1027 2095 πάννυχα
1049 2007 1180 2093 μύσταις

379 2114 556 2199 Εὐμόλπου,
580 2114 724 2202 προχέων
748 2097 934 2200 ἱμερόεσσαν
958 2112 1030 2178 ύπα.

241 2331 349 2398 pressit.
368 2356 403 2365 —
425 2324 741 2398 11(’)11υτυι.Ροι.2’118
763 2331 875 2398 apposui
903 2331 972 2383 intra
1001 2333 1114 2399 exempli
1142 2333 1226 2399 gratia
1245 2332 1430 2388 Pausaniae

245 2420 342 2479 locum,
371 2421 416 2488 qui
436 2419 602 2486 Eumolpum,
631 2425 662 2472 ut
690 2421 815 2487 mysteria
832 2421 973 2473 instituere
997 2425 1094 2489 posset,
1123 2423 1291 2488 superstitem
1309 2438 1430 2490 expugna

242 2509 400 2562 redeuntem
419 2510 495 2572 fecit:
514 2509 535 2573 I,
555 2508 599 2574 38,
609 2508 626 2561 3
638 2507 689 2575 (3):
709 2510 856 2579 γενομένης
869 2510 901 2562 δὲ
910 2505 1075 2570 Ἐλευσινίοις
1085 2511 1176 2582 μάχης
1189 2512 1258 2581 πρὸς
1268 2506 1430 2580 Ἀθηναίους,

243 2600 367 2652 ἀπέδυνε
384 2599 434 2663 μὲν
454 2594 598 2671 Ἐρεχύεδς
616 2595 763 2669 Ἀθηναίων
780 2598 917 2664 βασιλεὺς,
946 2600 1070 2653 ἀπέδυνε
1090 2601 1123 2653 δὲ
1141 2597 1308 2671 Ἰμμάραδος
1329 2599 1430 2666 Εὐμόλ·

244 2708 305 2754 που,
334 2688 511 2742 καταλύονται
530 2690 562 2741 δὲ
583 2689 626 2741 έπί
646 2690 738 2742 τοῖσδε
768 2689 813 2741 τὸν
842 2688 968 2755 πόλεμον,
998 2691 1035 2750 ὡς
1060 2685 1231 2750 Ἐλευσινίους
1257 2692 1287 2750 ές
1311 2691 1344 2744 τὰ
1364 2688 1431 2746 ἄλλα

239 2774 387 2848 Ἀθηναίων
415 2778 567 2847 κατηκόους
594 2779 674 2838 δντας
692 2778 748 2848 ἰδίᾳ
773 2776 860 2831 τελεῖν
879 2779 926 2847 τὴν
945 2777 1063 2847 τελετήν.
1093 2779 1126 2832 τὰ
1147 2779 1179 2831 δὲ
1198 2779 1260 2848 ἱερὰ
1280 2784 1337 2832 τοῖν
1355 2781 1433 2833 decis

242 2867 386 2934 Εὔμολπος
404 2869 448 2921 καί
468 2870 497 2920 αἱ
515 2868 670 2938 ύυχατέρες
690 2869 787 2937 δρῶσιν
806 2869 834 2919 αἱ
853 2865 1018 2920 Κελεοῦ...
1048 2895 1082 2903 -
1114 2863 1157 2933 ¹¹¹)
1176 2869 1262 2923 Plut.
1281 2870 1306 2923 d.
1326 2886 1367 2923 ex.
1389 2871 1430 2923 18.

241 2958 293 3011 Hic
321 2958 396 3010 locus
422 2957 585 3010 Boeclrhii
613 2958 790 3010 coniecturam
819 2955 864 3019 (ad
883 2956 912 3009 0.
932 2957 951 3011 1.
972 2957 1003 3012 G.
1022 2959 1054 3022 11,
1083 2956 1149 3023 401)
1184 2961 1295 3026 probare
1326 2962 1432 3013 ridetur

243 3047 432 3116 hierophantas
462 3047 510 3098 ubi
538 3047 705 3121 inaugurati·
720 3053 809 3110 essent
836 3049 966 3116 privatum
995 3064 1092 3102 nemen
1121 3049 1209 3106 statim
1230 3049 1386 3118 deposuisse
1405 3059 1432 3102 et

245 3136 402 3204 simpliciter
420 3135 565 3202 Eumolpos
579 3151 637 3188 esse
651 3135 743 3189 dictos.
775 3137 811 3188 At
829 3153 862 3190 ex
881 3138 959 3192 titulo
978 3154 1064 3205 nuper
1082 3143 1185 3207 reperto
1199 3134 1296 3208 (ἐφήμ.
1310 3139 1430 3210 ἀρχαισλ.

246 3224 316 3279 1883
334 3242 361 3293 p.
382 3223 435 3291 lli)¹
448 3221 625 3278 Ποσειδώνιον
643 3225 731 3294 potius
751 3241 853 3278 sacrum
871 3227 1097 3280 11Ιοιυιιιοοοιειι
1118 3227 1202 3280 luisse
1222 3228 1431 3282 concludendum

241 3316 352 3369 ridetur.
386 3313 680 3382 (Ditteubergerus
699 3316 732 3366 ad
751 3315 831 3369 solam
852 3317 994 3369 Romanam
1014 3321 1125 3369 aetatem
1146 3318 1215 3370 hunc
1235 3333 1333 3370 morem
1352 3317 1431 3368 refert

242 3407 353 3469 Hermes
366 3405 431 3472 XX,
454 3401 508 3469 13.)
546 3404 584 3456 cl.
598 3404 628 3456 B.
642 3405 729 3466 Keil,
750 3406 860 3458 Hermes
880 3405 936 3456 XX
955 3421 981 3471 p.
996 3401 1088 3474 casse.
1120 3407 1150 3459 E.
1171 3405 1323 3471 (lartius,
1342 3407 1431 3458 Athen

241 3495 298 3546 und
316 3494 422 3547 Eleusis
447 3499 511 3547 orat.
530 3493 602 3546 acad.
623 3491 693 3544 1884
711 3509 738 3560 p.
752 3492 778 3545 9.
816 3494 864 3546 Est
882 3499 971 3547 autem
990 3496 1084 3549 titulus
1103 3497 1133 3548 in
1145 3495 1279 3564 Apollonii
1297 3495 1431 3562 sophistae

243 3586 415 3636 monumento
434 3583 543 3648 incisus,
563 3583 653 3650 itaque
671 3582 742 3635 tertii
761 3598 787 3649 p.
808 3581 867 3634 Ghr.
886 3600 913 3636 n.
934 3585 1042 3652 saeculi,
1062 3586 1108 3638 ubi
1126 3585 1262 3654 leguntur:

403 3687 428 3722 ν.
449 3669 479 3722 5:
498 3669 602 3736 οὔνομα
622 3668 646 3722 δ’
667 3672 740 3730 ὅστις
758 3672 812 3740 ἐγὼ
831 3671 870 3741 μὴ
890 3672 977 3734 δίζεσ·
998 3675 1104 3740 ύεσμδς
1126 3675 1213 3726 έκεῖνο

498 3763 627 3827 μυστικὸς
645 3757 725 3832 ᾤχετ’
745 3759 818 3831 ἅγιον
836 3764 876 3823 εἰς
895 3762 948 3816 ἅλα
966 3765 1137 3835 πορφυρέην·
1158 3766 1212 3818 κτὲ.

404 3868 426 3904 v.
448 3853 477 3906 9:
498 3855 541 3903 νῦν
560 3849 613 3922 ἤδη
633 3852 733 3911 παῖδες
751 3851 845 3905 κλυτὸν
863 3851 967 3918 υύνσμα
987 3855 1093 3923 πατρὸς
1110 3854 1222 3924 ἀρίστου

498 3942 637 4011 φαίνομεν,
657 3941 672 3993 ὃ
693 3943 762 4003 ζωὸς
781 3942 885 4013 κρύψεν
904 3942 970 4004 άλδς
988 3939 1123 4013 πε[λα’χει]

497 4030 577 4092 σύτος
592 4027 763 4092 Ἃπολλώνῖος
781 4034 827 4085 κτέ

384 4138 409 4174 ν.
431 4122 477 4175 ll:
498 4122 545 4174 σὺν
564 4123 596 4174 δὲ
616 4117 784 4174 Ποσειδάωνι
803 4122 966 4192 φερώνυμος
984 4121 1016 4176 εύ
1035 4122 1208 4194 παρεκλήθη.

241 4223 265 4259 v.
287 4210 333 4261 ll:
352 4209 457 4264 Keilius
476 4212 514 4264 ita
531 4212 622 4265 uertit:
648 4211 727 4264 simul
746 4208 814 4276 (σύν)
834 4215 920 4264 autern
940 4212 1013 4265 felici
1032 4215 1189 4281 cognomine
1208 4214 1333 4266 utebatur
1350 4212 1431 4265 ducta

241 4297 401 4366 aNeptuno
420 4300 613 4369 appellation03
633 4301 666 4354 cl.
685 4301 762 4353 inira.
782 4326 815 4338 -
844 4293 889 4365 ¹¹²)
910 4299 938 4354 O.
957 4301 977 4353 Ι.
998 4301 1030 4355 G.
1049 4302 1074 4356 11
1093 4301 1155 4354 401.
1194 4301 1343 4355 Boeclrhiue
1361 4315 1430 4368 quae

241 4391 390 4456 sequuntur
408 4389 440 4442 de
460 4391 575 4443 hostium
594 4391 624 4443 in
642 4390 756 4444 Atticam
775 4390 845 4443 lacta
871 4390 1009 4445 invasione
1029 4392 1063 4446 ad
1082 4391 1182 4445 Gothos
1202 4390 1291 4455 refert,
1320 4405 1386 4458 quos
1406 4407 1430 4442 a.
