3136 5078
807 315 886 381 '66

271 533 309 578 ea
332 513 395 579 tuit
417 512 493 577 luno
518 513 586 577 sive
613 510 758 576 Minerva
782 516 946 577 caecatum
971 533 1052 578 esse.
1091 552 1130 561 —
1158 510 1221 578 Sed
1246 514 1344 579 etiam
1372 514 1456 580 Har-

268 621 363 706 pyiae
397 621 458 685 mit
457 624 531 685 ttun
531 640 580 683 ur
635 617 680 684 nt
714 620 773 685 hoe
807 625 892 685 certe
917 625 1009 686 const
994 621 1085 686 ttaba
1120 621 1159 686 ab
1184 620 1356 705 Aquilonis
1380 624 1455 691 filiis

268 726 423 793 Phineum
449 746 520 793 esse
542 727 660 793 liberat
646 732 724 808 t,um
749 725 951 813 Harpyiasf
949 732 1028 810 ugat
1030 748 1077 793 as.

359 834 450 921 Ipsae
465 854 541 899 vero
555 826 727 927 {arpyiae
752 855 948 920 quamquam
963 835 1103 900 artifices
1125 810 1264 901 fortasse
1289 835 1330 900 ad
1354 839 1456 902 crien-

268 943 384 1008 talium
407 943 581 1024 figurarum
606 941 753 1027 exempla
777 961 831 1007 eas
855 940 1089 1026 finxeruntfffl)
1113 943 1154 1007 ad
1168 941 1361 1009 Graecorum
1384 967 1455 1031 my-

267 1050 443 1132 thologiam
478 1049 608 1134 proprie
643 1049 808 1134 pertinent
839 1069 1027 1134 semperque
1062 1049 1295 1135 pertinuerunt.
1354 1052 1455 1137 Apud

267 1155 442 1222 Homerum
466 1157 518 1221 vel
542 1160 780 1221 commutantur
804 1177 877 1221 cum
901 1155 1047 1256 tbyellis‚
1084 1157 1252 1249 abireque
1280 1160 1349 1244 rapi
1373 1160 1455 1227 nihil

267 1264 353 1330 aliud
389 1267 440 1329 est
474 1283 573 1349 quam
596 1261 756 1347 Apollinis
792 1268 848 1328 aut
834 1246 994 1329 tDianae
1030 1264 1156 1346 sagittis
1194 1266 1294 1331 ictum
1317 1263 1455 1335 mortem

268 1377 427 1458 oppetere.
473 1370 578 1449 Quam
600 1369 816 1455 pulcherrima
840 1373 1048 1438 translatione
1073 1392 1143 1437 cum
1168 1374 1318 1459 procellis
1341 1373 1454 1444 Graeci

266 1479 498 1565 comparabant
521 1478 666 1544 homines
690 1479 909 1563 rapientibus:

380 1608 425 1681 ὡς
447 1601 535 1668 δ’ύτε
560 1604 747 1691 Πανδαρέου
770 1607 886 1692 κούρας
910 1606 1051 1669 ἀνέλοντο
1075 1604 1202 1669 δύελλαι

380 1820 482 1906 τόφρα
505 1819 542 1884 δὲ
566 1821 622 1896 τὰς
644 1821 760 1906 κούρας
783 1821 908 1907 ἅρπυιαι
933 1820 1140 1908 ἀνηρείψαντο

376 1927 429 1991 καί
449 1925 483 2011 ῥ’
508 1925 620 1991 ἔδοσαν
644 1932 830 2014 στυγερῇσιν
849 1927 998 2014 Ἐρινύσιν
1023 1929 1307 2013 ἀμφιπολεύειν-

379 2035 428 2110 ὦς’
452 2031 501 2118 ἐρ’
526 2035 710 2097 ἀϊστώσειαν
730 2033 876 2118 Ὀλύμπια
900 2031 1018 2118 δώματ’
1042 2032 1166 2122 ἔχοντες

378 2140 397 2228 ἢ
421 2140 471 2225 ἐρ’
497 2135 691 2225 ἐυπλόκαμος
713 2141 805 2223 βάλοι
822 2136 966 2227 ’Ἄρτεμις
983 2187 991 2201 .
1010 2186 1043 2204 ..
1091 2194 1096 2205 .

357 2263 422 2330 lam
459 2284 534 2329 vero
569 2263 624 2327 ifle
652 2261 871 2356 Harpyiarum
905 2271 938 2331 ct
971 2265 1141 2350 Aquilonis
1170 2265 1307 2330 filiorum
1335 2285 1448 2330 cursus

265 2370 454 2456 simpliciter
488 2369 530 2435 ad
553 2375 723 2435 ventorum
748 2372 889 2456 ipsorum
917 2373 1002 2437 inter
1026 2392 1060 2437 se
1085 2378 1246 2438 certamen
1268 2377 1376 2457 potest
1398 2394 1448 2439 re-

263 2474 443 2563 vocaris-³4⁷)

354 2584 444 2651 Haec
468 2589 554 2649 certe
570 2585 677 2649 omnia
691 2581 804 2650 Graeci
821 2605 862 2650 ex
880 2606 939 2650 suo
956 2587 1083 2671 peculio
1099 2591 1275 2672 potuerunt
1290 2587 1450 2670 effingere,

264 2713 367 2778 neque
403 2691 562 2777 estquod
587 2691 791 2760 extrinsecus
814 2693 944 2758 illatum
968 2712 1165 2758 censeamus.
1214 2693 1278 2760 Sed
1305 2695 1372 2760 iam
1395 2715 1451 2759 an-

264 2800 457 2887 quirendum
491 2798 628 2880 videtur,
664 2819 769 2865 nonne
803 2801 835 2863 in
868 2801 940 2884 ipsa
964 2798 1099 2864 Graecia
1133 2801 1287 2864 nonnulla
1322 2801 1452 2867 fabulae

262 2908 401 2990 vestigia
423 2908 638 2973 inveniantur.
686 2906 750 2973 Ubi
774 2905 882 2990 siquid
905 2905 1025 2985 videre,
1062 2905 1236 2990 plurimum
1259 2927 1311 2972 me
1335 2907 1450 2974 debere

261 3015 397 3081 libenter
436 3015 586 3079 confiteor
631 3012 774 3079 Oarolo
804 3011 966 3094 Robert‚
1002 3012 1057 3097 qui
1093 3011 1142 3076 vir
1177 3010 1383 3080 doctissimus
1418 3021 1451 3080 et

261 3122 514 3188 humanissimus
549 3121 592 3187 ad
621 3121 781 3187 Arcadiae
819 3119 975 3204 quasdam
1009 3120 1136 3186 fabulas
1176 3121 1317 3186 animum
1341 3141 1450 3189 meum

260 3228 436 3296 identidem
460 3227 609 3294 advertit.

351 3337 417 3402 int
403 3340 472 3401 tota
491 3336 574 3400 enim
592 3335 703 3400 fabula
719 3333 799 3398 illud
815 3339 882 3400 cert
883 3355 901 3400 e
916 3335 1036 3399 mirum
1059 3339 1123 3417 est,
1149 3334 1235 3420 quod
1251 3334 1413 3421 Harpyiae
1431 3357 1450 3402 a

260 3443 405 3529 Bosporo
442 3441 483 3507 ad
508 3439 703 3541 Strophades
738 3441 946 3525 potissimum
969 3441 1131 3524 fugantur.
1182 3443 1209 3508 N
1213 3462 1330 3526 amque
1365 3443 1450 3508 inter

261 3569 371 3615 omnes
408 3553 536 3614 constat
521 3548 627 3614 thas
662 3547 819 3614 insulas
810 3568 843 3612 1n
867 3545 975 3614 lonio
998 3549 1081 3614 mari
1117 3550 1197 3615 sitas
1232 3569 1304 3614 esse
1340 3570 1450 3616 ame-

261 3769 292 3820 R.
313 3769 492 3822 Volkmann
520 3767 553 3819 ad
571 3766 639 3819 Plut.
660 3767 683 3818 d.
714 3767 815 3819 musica
834 3764 929 3831 (1856)
957 3783 983 3835 ρ.
1004 3765 1046 3819 63.
1072 3793 1104 3802 —
1130 3761 1177 3831 ⁹⁴⁶)
1196 3767 1286 3836 Neque
1306 3768 1447 3836 quidquam

261 3857 331 3910 aliud
359 3875 392 3911 ex
411 3857 577 3911 nobilissimo
601 3857 646 3909 illo
665 3856 747 3922 Lycio
767 3860 935 3909 monumento
959 3856 1029 3910 effici
1048 3857 1160 3923 videtur,
1191 3858 1261 3925 quod
1279 3859 1312 3910 ab
1332 3858 1448 3926 Harpyis

266 3947 436 4001 denominare
456 3947 649 4000 consuevimus.
689 3944 728 3998 Of.
747 3945 775 3998 P.
796 3946 946 4011 Wolters,
975 3948 1022 3999 Die
1047 3945 1235 4014 Gypsabgrisse
1253 3948 1357 4000 antiker
1375 3947 1446 3999 Bild-

262 4036 345 4088 werke
374 4037 403 4088 in
425 4035 597 4088 historischer
614 4034 697 4102 Fulge
715 4036 812 4088 erklirt
836 4033 914 4100 (mus.
932 4032 1032 4100 Berol.)
1052 4031 1093 4101 [O.
1112 4036 1284 4102 Friederiohs,
1303 4036 1446 4088 Bausteine

260 4141 307 4177 zur
327 4124 481 4178 Geschiehte
501 4125 548 4177 der
565 4125 662 4192 griech.
679 4124 743 4176 rim.
762 4123 860 4177 Plastilr
881 4116 903 4189 ²]
926 4123 994 4177 1885
1008 4142 1034 4192 p.
1047 4124 1081 4177 69
1095 4140 1161 4193 sqq,
1182 4127 1292 4178 maxime
1310 4140 1336 4193 p.
1350 4124 1383 4176 71
1398 4140 1446 4192 sq,

251 4215 306 4269 ‚ubi
324 4214 554 4280 interpretationes
574 4231 588 4266 e
608 4211 708 4266 Graeca
727 4214 888 4281 mythologie
911 4213 999 4267 illatae
1021 4214 1180 4268 refutantur.
1206 4240 1239 4250 -
1260 4206 1306 4278 ⁹⁴⁷)
1326 4214 1376 4266 Hic
1400 4213 1445 4264 ad·

259 4304 355 4364 notavi,
376 4303 446 4370 quod
467 4303 544 4370 Apd.
562 4302 584 4367 1,
604 4302 630 4367 9,
649 4301 683 4355 21
702 4304 792 4356 nescio
812 4319 846 4356 ex
864 4318 916 4370 quo
935 4303 1007 4356 fonte
1027 4311 1130 4356 narrat:
1151 4304 1182 4372 ἦν
1195 4304 1227 4356 δὲ
1241 4299 1445 4371 ταῒςἊριιυίαις

255 4393 346 4465 χρεὼν
365 4392 491 4445 τεθνάναι
519 4392 571 4444 ὑπὸ
591 4397 643 4445 τῶν
660 4390 765 4464 Βορέου
784 4392 900 4444 παίδων·
930 4396 987 4452 τοῖς
1006 4393 1038 4446 δὲ
1056 4390 1160 4461 Βορέου
1181 4392 1254 4444 παισὶ
1274 4392 1337 4445 τότε
1357 4390 1444 4445 τελευ-
