<?xml version="1.0" encoding="UTF-8"?>
<!DOCTYPE html PUBLIC "-//W3C//DTD XHTML 1.0 Transitional//EN"
    "http://www.w3.org/TR/xhtml1/DTD/xhtml1-transitional.dtd">
<html xmlns="http://www.w3.org/1999/xhtml" xml:lang="en" lang="en">
 <head>
  <title>
</title>
<meta http-equiv="Content-Type" content="text/html;charset=utf-8" />
  <meta name='ocr-system' content='tesseract 3.04.00' />
  <meta name='ocr-capabilities' content='ocr_page ocr_carea ocr_par ocr_line ocrx_word'/>
</head>
<body>
  <div class='ocr_page' id='page_1' title='image "./degraecorumfabu00gaergoog_0037.png"; bbox 0 0 3136 5078; ppageno 0'>
   <div class='ocr_carea' id='block_1_1' title="bbox 760 296 800 357">
    <p class='ocr_par' dir='ltr' id='par_1_1' title="bbox 760 296 800 357">
     <span class='ocr_line' id='line_1_1' title="bbox 760 296 800 357; baseline 0.025 -1"><span class='ocrx_word' id='word_1_1' title='bbox 760 296 800 357; x_wconf 83' lang='lat'>18</span> 
     </span>
    </p>
   </div>
   <div class='ocr_carea' id='block_1_2' title="bbox 183 482 1383 3146">
    <p class='ocr_par' dir='ltr' id='par_1_2' title="bbox 183 482 1379 2178">
     <span class='ocr_line' id='line_1_2' title="bbox 183 482 1370 570; baseline 0.008 -22"><span class='ocrx_word' id='word_1_2' title='bbox 183 484 295 549; x_wconf 87' lang='lat' dir='ltr'>fecerit</span> <span class='ocrx_word' id='word_1_3' title='bbox 324 482 506 570; x_wconf 89' lang='lat' dir='ltr'>Euripides,</span> <span class='ocrx_word' id='word_1_4' title='bbox 537 485 733 570; x_wconf 75' lang='lat' dir='ltr'>quaerimus,</span> <span class='ocrx_word' id='word_1_5' title='bbox 784 485 829 550; x_wconf 91' lang='lat' dir='ltr'>Et</span> <span class='ocrx_word' id='word_1_6' title='bbox 855 485 918 568; x_wconf 86' lang='lat' dir='ltr'>hic,</span> <span class='ocrx_word' id='word_1_7' title='bbox 948 488 1070 570; x_wconf 84' lang='lat' dir='ltr'><strong>opinor,</strong></span> <span class='ocrx_word' id='word_1_8' title='bbox 1106 489 1162 554; x_wconf 84' lang='lat' dir='ltr'>vix</span> <span class='ocrx_word' id='word_1_9' title='bbox 1191 491 1370 557; x_wconf 77' lang='lat' dir='ltr'>errabimus</span> 
     </span>
     <span class='ocr_line' id='line_1_3' title="bbox 183 590 1371 679; baseline 0.008 -24"><span class='ocrx_word' id='word_1_10' title='bbox 183 590 415 675; x_wconf 83' lang='lat' dir='ltr'>Apollodorum</span> <span class='ocrx_word' id='word_1_11' title='bbox 442 590 556 657; x_wconf 90' lang='lat' dir='ltr'>ducem</span> <span class='ocrx_word' id='word_1_12' title='bbox 580 593 698 657; x_wconf 90' lang='lat' dir='ltr'>secuti:</span> <span class='ocrx_word' id='word_1_13' title='bbox 727 591 922 679; x_wconf 87' lang='lat' dir='ltr'>Eumolpum</span> <span class='ocrx_word' id='word_1_14' title='bbox 952 593 1039 676; x_wconf 72' lang='lat' dir='ltr'>dicit</span> <span class='ocrx_word' id='word_1_15' title='bbox 1069 613 1141 660; x_wconf 89' lang='lat' dir='ltr'>cum</span> <span class='ocrx_word' id='word_1_16' title='bbox 1166 617 1264 663; x_wconf 90' lang='lat' dir='ltr'>unam</span> <span class='ocrx_word' id='word_1_17' title='bbox 1288 597 1371 664; x_wconf 88' lang='lat' dir='ltr'>Ben-</span> 
     </span>
     <span class='ocr_line' id='line_1_4' title="bbox 184 698 1371 784; baseline 0.005 -20"><span class='ocrx_word' id='word_1_18' title='bbox 184 699 378 784; x_wconf 83' lang='lat' dir='ltr'>thesicymes</span> <span class='ocrx_word' id='word_1_19' title='bbox 417 698 519 764; x_wconf 83' lang='lat' dir='ltr'>filiam</span> <span class='ocrx_word' id='word_1_20' title='bbox 553 699 587 764; x_wconf 91' lang='lat' dir='ltr'>in</span> <span class='ocrx_word' id='word_1_21' title='bbox 622 700 862 766; x_wconf 81' lang='lat' dir='ltr'>matrimonium</span> <span class='ocrx_word' id='word_1_22' title='bbox 901 700 1060 783; x_wconf 83' lang='lat' dir='ltr'>duxisset,</span> <span class='ocrx_word' id='word_1_23' title='bbox 1099 703 1199 768; x_wconf 89' lang='lat' dir='ltr'>etiam</span> <span class='ocrx_word' id='word_1_24' title='bbox 1237 703 1371 772; x_wconf 87' lang='lat' dir='ltr'>alteram</span> 
     </span>
     <span class='ocr_line' id='line_1_5' title="bbox 185 808 1372 898; baseline 0.005 -27"><span class='ocrx_word' id='word_1_25' title='bbox 185 813 394 891; x_wconf 80' lang='lat' dir='ltr'>constuprare</span> <span class='ocrx_word' id='word_1_26' title='bbox 417 812 566 872; x_wconf 89' lang='lat' dir='ltr'>conatum</span> <span class='ocrx_word' id='word_1_27' title='bbox 590 808 656 892; x_wconf 86' lang='lat' dir='ltr'>(vel</span> <span class='ocrx_word' id='word_1_28' title='bbox 678 811 850 889; x_wconf 82' lang='lat' dir='ltr'>„ausnm“‚</span> <span class='ocrx_word' id='word_1_29' title='bbox 872 827 987 888; x_wconf 85' lang='lat' dir='ltr'>graece</span> <span class='ocrx_word' id='word_1_30' title='bbox 1003 808 1200 898; x_wconf 80' lang='grc' dir='ltr'><em>ἐπεχείρησε)</em></span> <span class='ocrx_word' id='word_1_31' title='bbox 1217 811 1257 877; x_wconf 90' lang='lat' dir='ltr'>ob</span> <span class='ocrx_word' id='word_1_32' title='bbox 1273 811 1372 898; x_wconf 91' lang='lat' dir='ltr'>idque</span> 
     </span>
     <span class='ocr_line' id='line_1_6' title="bbox 185 912 1372 1002; baseline 0.006 -25"><span class='ocrx_word' id='word_1_33' title='bbox 185 914 309 978; x_wconf 87' lang='lat' dir='ltr'>facinus</span> <span class='ocrx_word' id='word_1_34' title='bbox 333 912 502 999; x_wconf 86' lang='lat' dir='ltr'>expulsum</span> <span class='ocrx_word' id='word_1_35' title='bbox 528 933 600 978; x_wconf 92' lang='lat' dir='ltr'>cum</span> <span class='ocrx_word' id='word_1_36' title='bbox 621 913 741 980; x_wconf 88' lang='lat' dir='ltr'>Ismaro</span> <span class='ocrx_word' id='word_1_37' title='bbox 758 914 824 979; x_wconf 89' lang='lat' dir='ltr'>filio</span> <span class='ocrx_word' id='word_1_38' title='bbox 840 914 882 980; x_wconf 92' lang='lat' dir='ltr'>ad</span> <span class='ocrx_word' id='word_1_39' title='bbox 899 913 1072 1000; x_wconf 84' lang='lat' dir='ltr'>Tegyrium</span> <span class='ocrx_word' id='word_1_40' title='bbox 1090 914 1246 983; x_wconf 90' lang='lat' dir='ltr'>Thracum</span> <span class='ocrx_word' id='word_1_41' title='bbox 1263 939 1372 1002; x_wconf 85' lang='lat' dir='ltr'>regem</span> 
     </span>
     <span class='ocr_line' id='line_1_7' title="bbox 186 1020 1373 1112; baseline 0.008 -28"><span class='ocrx_word' id='word_1_42' title='bbox 186 1021 322 1100; x_wconf 81' lang='lat' dir='ltr'>venisse,</span> <span class='ocrx_word' id='word_1_43' title='bbox 358 1021 416 1106; x_wconf 91' lang='lat' dir='ltr'>qui</span> <span class='ocrx_word' id='word_1_44' title='bbox 443 1020 563 1087; x_wconf 85' lang='lat' dir='ltr'>lemaro</span> <span class='ocrx_word' id='word_1_45' title='bbox 594 1042 687 1087; x_wconf 89' lang='lat' dir='ltr'>suam</span> <span class='ocrx_word' id='word_1_46' title='bbox 715 1022 825 1088; x_wconf 86' lang='lat' dir='ltr'>feliam</span> <span class='ocrx_word' id='word_1_47' title='bbox 857 1020 1058 1108; x_wconf 65' lang='lat' dir='ltr'>dedissetffi)</span> <span class='ocrx_word' id='word_1_48' title='bbox 1110 1022 1176 1089; x_wconf 92' lang='lat' dir='ltr'>lam</span> <span class='ocrx_word' id='word_1_49' title='bbox 1205 1045 1280 1091; x_wconf 88' lang='lat' dir='ltr'>vero</span> <span class='ocrx_word' id='word_1_50' title='bbox 1311 1040 1373 1112; x_wconf 88' lang='lat' dir='ltr'>quo</span> 
     </span>
     <span class='ocr_line' id='line_1_8' title="bbox 185 1126 1373 1217; baseline 0.005 -24"><span class='ocrx_word' id='word_1_51' title='bbox 185 1127 281 1194; x_wconf 92' lang='lat' dir='ltr'>modo</span> <span class='ocrx_word' id='word_1_52' title='bbox 309 1148 382 1194; x_wconf 92' lang='lat' dir='ltr'>cum</span> <span class='ocrx_word' id='word_1_53' title='bbox 411 1126 585 1195; x_wconf 83' lang='lat' dir='ltr'>Eleusiniis</span> <span class='ocrx_word' id='word_1_54' title='bbox 614 1130 774 1196; x_wconf 88' lang='lat' dir='ltr'>rationem</span> <span class='ocrx_word' id='word_1_55' title='bbox 802 1130 930 1196; x_wconf 81' lang='lat' dir='ltr'>iniisset</span> <span class='ocrx_word' id='word_1_56' title='bbox 959 1127 1148 1217; x_wconf 88' lang='lat' dir='ltr'>Eumolpus,</span> <span class='ocrx_word' id='word_1_57' title='bbox 1178 1151 1278 1217; x_wconf 88' lang='lat' dir='ltr'>quae</span> <span class='ocrx_word' id='word_1_58' title='bbox 1309 1154 1373 1199; x_wconf 89' lang='lat' dir='ltr'>us-</span> 
     </span>
     <span class='ocr_line' id='line_1_9' title="bbox 187 1234 1372 1324; baseline 0.005 -24"><span class='ocrx_word' id='word_1_59' title='bbox 187 1255 261 1320; x_wconf 90' lang='lat' dir='ltr'>que</span> <span class='ocrx_word' id='word_1_60' title='bbox 285 1234 330 1300; x_wconf 93' lang='lat' dir='ltr'>ad</span> <span class='ocrx_word' id='word_1_61' title='bbox 353 1235 390 1300; x_wconf 92' lang='lat' dir='ltr'>id</span> <span class='ocrx_word' id='word_1_62' title='bbox 416 1239 573 1321; x_wconf 90' lang='lat' dir='ltr'>tempus</span> <span class='ocrx_word' id='word_1_63' title='bbox 589 1236 690 1324; x_wconf 92' lang='lat' dir='ltr'>apud</span> <span class='ocrx_word' id='word_1_64' title='bbox 707 1257 790 1302; x_wconf 90' lang='lat' dir='ltr'>eum</span> <span class='ocrx_word' id='word_1_65' title='bbox 814 1238 925 1302; x_wconf 91' lang='lat' dir='ltr'>nulla</span> <span class='ocrx_word' id='word_1_66' title='bbox 942 1242 1016 1321; x_wconf 90' lang='lat' dir='ltr'>est,</span> <span class='ocrx_word' id='word_1_67' title='bbox 1040 1235 1189 1323; x_wconf 90' lang='lat' dir='ltr'>Euripidi</span> <span class='ocrx_word' id='word_1_68' title='bbox 1204 1239 1372 1306; x_wconf 90' lang='lat' dir='ltr'>dicendum</span> 
     </span>
     <span class='ocr_line' id='line_1_10' title="bbox 186 1340 1376 1430; baseline 0.004 -23"><span class='ocrx_word' id='word_1_69' title='bbox 186 1343 260 1407; x_wconf 85' lang='lat' dir='ltr'>fuit.</span> <span class='ocrx_word' id='word_1_70' title='bbox 312 1340 464 1428; x_wconf 78' lang='lat' dir='ltr'>Explicat</span> <span class='ocrx_word' id='word_1_71' title='bbox 487 1342 547 1408; x_wconf 91' lang='lat' dir='ltr'>hoc</span> <span class='ocrx_word' id='word_1_72' title='bbox 571 1363 698 1428; x_wconf 90' lang='lat' dir='ltr'>quoque</span> <span class='ocrx_word' id='word_1_73' title='bbox 722 1344 954 1430; x_wconf 84' lang='lat' dir='ltr'>Apollodorus:</span> <span class='ocrx_word' id='word_1_74' title='bbox 989 1365 1062 1410; x_wconf 90' lang='lat' dir='ltr'>cum</span> <span class='ocrx_word' id='word_1_75' title='bbox 1091 1346 1176 1411; x_wconf 91' lang='lat' dir='ltr'>enim</span> <span class='ocrx_word' id='word_1_76' title='bbox 1199 1348 1376 1414; x_wconf 73' lang='lat' dir='ltr'>cremisset</span> 
     </span>
     <span class='ocr_line' id='line_1_11' title="bbox 189 1448 1375 1536; baseline 0.006 -22"><span class='ocrx_word' id='word_1_77' title='bbox 189 1449 323 1515; x_wconf 90' lang='lat' dir='ltr'>insidias</span> <span class='ocrx_word' id='word_1_78' title='bbox 364 1469 438 1515; x_wconf 92' lang='lat' dir='ltr'>eum</span> <span class='ocrx_word' id='word_1_79' title='bbox 481 1453 605 1516; x_wconf 88' lang='lat' dir='ltr'>struere</span> <span class='ocrx_word' id='word_1_80' title='bbox 640 1448 793 1536; x_wconf 84' lang='lat' dir='ltr'>Tegyric,</span> <span class='ocrx_word' id='word_1_81' title='bbox 834 1452 957 1534; x_wconf 84' lang='lat' dir='ltr'>fugisse</span> <span class='ocrx_word' id='word_1_82' title='bbox 998 1472 1071 1517; x_wconf 89' lang='lat' dir='ltr'>eum</span> <span class='ocrx_word' id='word_1_83' title='bbox 1111 1452 1154 1518; x_wconf 89' lang='lat' dir='ltr'>ad</span> <span class='ocrx_word' id='word_1_84' title='bbox 1193 1452 1375 1521; x_wconf 88' lang='lat' dir='ltr'>Eleusinios</span> 
     </span>
     <span class='ocr_line' id='line_1_12' title="bbox 190 1557 1376 1648; baseline 0.002 -24"><span class='ocrx_word' id='word_1_85' title='bbox 190 1563 222 1624; x_wconf 92' lang='lat' dir='ltr'>et</span> <span class='ocrx_word' id='word_1_86' title='bbox 257 1577 329 1622; x_wconf 93' lang='lat' dir='ltr'>cum</span> <span class='ocrx_word' id='word_1_87' title='bbox 363 1557 404 1621; x_wconf 91' lang='lat' dir='ltr'>iis</span> <span class='ocrx_word' id='word_1_88' title='bbox 439 1557 616 1622; x_wconf 81' lang='lat' dir='ltr'>amicitiam</span> <span class='ocrx_word' id='word_1_89' title='bbox 646 1559 845 1625; x_wconf 90' lang='lat' dir='ltr'>conciliasse.</span> <span class='ocrx_word' id='word_1_90' title='bbox 898 1557 964 1624; x_wconf 86' lang='lat' dir='ltr'>Sed</span> <span class='ocrx_word' id='word_1_91' title='bbox 992 1565 1119 1625; x_wconf 89' lang='lat' dir='ltr'>mortuo</span> <span class='ocrx_word' id='word_1_92' title='bbox 1148 1559 1270 1627; x_wconf 89' lang='lat' dir='ltr'>Ismaro</span> <span class='ocrx_word' id='word_1_93' title='bbox 1305 1563 1376 1648; x_wconf 91' lang='lat' dir='ltr'>(qui</span> 
     </span>
     <span class='ocr_line' id='line_1_13' title="bbox 190 1661 1377 1755; baseline 0.005 -26"><span class='ocrx_word' id='word_1_94' title='bbox 190 1663 276 1750; x_wconf 90' lang='lat' dir='ltr'>apud</span> <span class='ocrx_word' id='word_1_95' title='bbox 307 1661 444 1728; x_wconf 87' lang='lat' dir='ltr'>Thraces</span> <span class='ocrx_word' id='word_1_96' title='bbox 472 1665 664 1732; x_wconf 89' lang='lat' dir='ltr'>remansisse</span> <span class='ocrx_word' id='word_1_97' title='bbox 693 1666 833 1752; x_wconf 90' lang='lat' dir='ltr'>videtur)</span> <span class='ocrx_word' id='word_1_98' title='bbox 864 1688 885 1732; x_wconf 95' lang='lat' dir='ltr'>a</span> <span class='ocrx_word' id='word_1_99' title='bbox 912 1664 1048 1752; x_wconf 80' lang='lat' dir='ltr'>Tegyrio</span> <span class='ocrx_word' id='word_1_100' title='bbox 1079 1666 1277 1755; x_wconf 90' lang='lat' dir='ltr'>Eumolpum</span> <span class='ocrx_word' id='word_1_101' title='bbox 1306 1690 1377 1735; x_wconf 89' lang='lat' dir='ltr'>esse</span> 
     </span>
     <span class='ocr_line' id='line_1_14' title="bbox 190 1771 1378 1856; baseline 0.003 -19"><span class='ocrx_word' id='word_1_102' title='bbox 190 1775 374 1837; x_wconf 87' lang='lat' dir='ltr'>revocatum</span> <span class='ocrx_word' id='word_1_103' title='bbox 402 1775 436 1837; x_wconf 87' lang='lat' dir='ltr'>et</span> <span class='ocrx_word' id='word_1_104' title='bbox 465 1771 570 1837; x_wconf 87' lang='lat' dir='ltr'>solnta</span> <span class='ocrx_word' id='word_1_105' title='bbox 599 1772 759 1840; x_wconf 86' lang='lat' dir='ltr'>discordia</span> <span class='ocrx_word' id='word_1_106' title='bbox 787 1775 820 1839; x_wconf 92' lang='lat' dir='ltr'>in</span> <span class='ocrx_word' id='word_1_107' title='bbox 849 1794 948 1856; x_wconf 83' lang='lat' dir='ltr'>regno</span> <span class='ocrx_word' id='word_1_108' title='bbox 979 1775 1009 1839; x_wconf 90' lang='lat' dir='ltr'>ei</span> <span class='ocrx_word' id='word_1_109' title='bbox 1041 1775 1244 1840; x_wconf 87' lang='lat' dir='ltr'>successisse.</span> <span class='ocrx_word' id='word_1_110' title='bbox 1298 1773 1378 1841; x_wconf 83' lang='lat' dir='ltr'>Cum</span> 
     </span>
     <span class='ocr_line' id='line_1_15' title="bbox 190 1877 1378 1963; baseline 0.005 -22"><span class='ocrx_word' id='word_1_111' title='bbox 190 1897 265 1942; x_wconf 89' lang='lat' dir='ltr'>vero</span> <span class='ocrx_word' id='word_1_112' title='bbox 302 1877 422 1943; x_wconf 90' lang='lat' dir='ltr'>bellum</span> <span class='ocrx_word' id='word_1_113' title='bbox 455 1879 540 1945; x_wconf 89' lang='lat' dir='ltr'>inter</span> <span class='ocrx_word' id='word_1_114' title='bbox 567 1877 751 1946; x_wconf 87' lang='lat' dir='ltr'>Eleusinios</span> <span class='ocrx_word' id='word_1_115' title='bbox 787 1885 820 1946; x_wconf 91' lang='lat' dir='ltr'>et</span> <span class='ocrx_word' id='word_1_116' title='bbox 848 1881 1063 1947; x_wconf 88' lang='lat' dir='ltr'>Athenienses</span> <span class='ocrx_word' id='word_1_117' title='bbox 1098 1887 1245 1949; x_wconf 83' lang='lat' dir='ltr'>exortum</span> <span class='ocrx_word' id='word_1_118' title='bbox 1281 1885 1378 1963; x_wconf 85' lang='lat' dir='ltr'>esset,</span> 
     </span>
     <span class='ocr_line' id='line_1_16' title="bbox 191 1982 1379 2073; baseline 0.004 -23"><span class='ocrx_word' id='word_1_119' title='bbox 191 1984 258 2050; x_wconf 87' lang='lat' dir='ltr'>iam</span> <span class='ocrx_word' id='word_1_120' title='bbox 285 1982 482 2071; x_wconf 92' lang='lat' dir='ltr'>Eumolpum</span> <span class='ocrx_word' id='word_1_121' title='bbox 511 2006 585 2052; x_wconf 89' lang='lat' dir='ltr'>cum</span> <span class='ocrx_word' id='word_1_122' title='bbox 614 2007 731 2068; x_wconf 88' lang='lat' dir='ltr'>magno</span> <span class='ocrx_word' id='word_1_123' title='bbox 761 1986 921 2052; x_wconf 86' lang='lat' dir='ltr'>Thracum</span> <span class='ocrx_word' id='word_1_124' title='bbox 951 1989 1095 2053; x_wconf 84' lang='lat' dir='ltr'>exercitu</span> <span class='ocrx_word' id='word_1_125' title='bbox 1124 1988 1157 2053; x_wconf 95' lang='lat' dir='ltr'>id</span> <span class='ocrx_word' id='word_1_126' title='bbox 1191 1992 1379 2073; x_wconf 85' lang='lat' dir='ltr'>rogantibus</span> 
     </span>
     <span class='ocr_line' id='line_1_17' title="bbox 193 2091 729 2178; baseline 0.004 -22"><span class='ocrx_word' id='word_1_127' title='bbox 193 2092 314 2157; x_wconf 84' lang='lat' dir='ltr'>auxilio</span> <span class='ocrx_word' id='word_1_128' title='bbox 338 2092 465 2157; x_wconf 86' lang='lat' dir='ltr'>venisse</span> <span class='ocrx_word' id='word_1_129' title='bbox 488 2092 677 2159; x_wconf 88' lang='lat' dir='ltr'>Eleusiniis.</span> <span class='ocrx_word' id='word_1_130' title='bbox 685 2091 729 2178; x_wconf 83' lang='grc'>66)</span> 
     </span>
    </p>

    <p class='ocr_par' dir='ltr' id='par_1_3' title="bbox 194 2196 1380 2500">
     <span class='ocr_line' id='line_1_18' title="bbox 282 2196 1379 2286; baseline 0.005 -23"><span class='ocrx_word' id='word_1_131' title='bbox 282 2196 371 2264; x_wconf 87' lang='lat' dir='ltr'>Haec</span> <span class='ocrx_word' id='word_1_132' title='bbox 402 2218 476 2265; x_wconf 87' lang='lat' dir='ltr'>cnm</span> <span class='ocrx_word' id='word_1_133' title='bbox 504 2199 614 2284; x_wconf 89' lang='lat' dir='ltr'>aliqua</span> <span class='ocrx_word' id='word_1_134' title='bbox 637 2198 928 2265; x_wconf 89' lang='lat' dir='ltr'>verisimilitudinis</span> <span class='ocrx_word' id='word_1_135' title='bbox 957 2201 1065 2286; x_wconf 87' lang='lat' dir='ltr'>specie</span> <span class='ocrx_word' id='word_1_136' title='bbox 1090 2202 1198 2266; x_wconf 91' lang='lat' dir='ltr'>omnia</span> <span class='ocrx_word' id='word_1_137' title='bbox 1222 2201 1262 2267; x_wconf 89' lang='lat' dir='ltr'>ad</span> <span class='ocrx_word' id='word_1_138' title='bbox 1285 2203 1379 2268; x_wconf 89' lang='lat' dir='ltr'>Euri-</span> 
     </span>
     <span class='ocr_line' id='line_1_19' title="bbox 194 2305 1380 2397; baseline 0.001 -25"><span class='ocrx_word' id='word_1_139' title='bbox 194 2306 279 2394; x_wconf 92' lang='lat' dir='ltr'>pidis</span> <span class='ocrx_word' id='word_1_140' title='bbox 303 2305 447 2372; x_wconf 87' lang='lat' dir='ltr'>fabulam</span> <span class='ocrx_word' id='word_1_141' title='bbox 462 2307 631 2397; x_wconf 83' lang='lat' dir='ltr'>referenda</span> <span class='ocrx_word' id='word_1_142' title='bbox 655 2311 747 2387; x_wconf 90' lang='lat' dir='ltr'>sunt.;</span> <span class='ocrx_word' id='word_1_143' title='bbox 772 2306 921 2372; x_wconf 88' lang='lat' dir='ltr'>videntur</span> <span class='ocrx_word' id='word_1_144' title='bbox 942 2307 977 2372; x_wconf 90' lang='lat' dir='ltr'>in</span> <span class='ocrx_word' id='word_1_145' title='bbox 1000 2308 1167 2393; x_wconf 81' lang='lat' dir='ltr'>prologum</span> <span class='ocrx_word' id='word_1_146' title='bbox 1192 2308 1380 2390; x_wconf 77' lang='lat' dir='ltr'>ableganda,</span> 
     </span>
     <span class='ocr_line' id='line_1_20' title="bbox 196 2411 1161 2500; baseline -0.001 -21"><span class='ocrx_word' id='word_1_147' title='bbox 196 2415 264 2480; x_wconf 83' lang='lat' dir='ltr'>sive</span> <span class='ocrx_word' id='word_1_148' title='bbox 287 2414 378 2479; x_wconf 91' lang='lat' dir='ltr'>illum</span> <span class='ocrx_word' id='word_1_149' title='bbox 401 2411 600 2479; x_wconf 88' lang='lat' dir='ltr'>Erechtheus</span> <span class='ocrx_word' id='word_1_150' title='bbox 625 2415 694 2479; x_wconf 88' lang='lat' dir='ltr'>sive</span> <span class='ocrx_word' id='word_1_151' title='bbox 717 2413 891 2499; x_wconf 86' lang='lat' dir='ltr'>Neptunus</span> <span class='ocrx_word' id='word_1_152' title='bbox 914 2411 1161 2500; x_wconf 65' lang='lat' dir='ltr'>susceperattl)</span> 
     </span>
    </p>

    <p class='ocr_par' dir='ltr' id='par_1_4' title="bbox 196 2521 1383 2929">
     <span class='ocr_line' id='line_1_21' title="bbox 286 2521 1383 2606; baseline 0 -18"><span class='ocrx_word' id='word_1_153' title='bbox 286 2521 456 2588; x_wconf 85' lang='lat' dir='ltr'>Certamen</span> <span class='ocrx_word' id='word_1_154' title='bbox 479 2541 570 2603; x_wconf 82' lang='lat' dir='ltr'>vero,</span> <span class='ocrx_word' id='word_1_155' title='bbox 602 2522 689 2606; x_wconf 89' lang='lat' dir='ltr'>quod</span> <span class='ocrx_word' id='word_1_156' title='bbox 712 2523 848 2605; x_wconf 84' lang='lat' dir='ltr'>exarsit,</span> <span class='ocrx_word' id='word_1_157' title='bbox 877 2542 942 2587; x_wconf 93' lang='lat' dir='ltr'>non</span> <span class='ocrx_word' id='word_1_158' title='bbox 977 2524 1082 2589; x_wconf 90' lang='lat' dir='ltr'>solum</span> <span class='ocrx_word' id='word_1_159' title='bbox 1104 2522 1287 2604; x_wconf 84' lang='lat' dir='ltr'>hominum,</span> <span class='ocrx_word' id='word_1_160' title='bbox 1326 2523 1383 2590; x_wconf 88' lang='lat' dir='ltr'>sed</span> 
     </span>
     <span class='ocr_line' id='line_1_22' title="bbox 196 2627 1383 2718; baseline 0.001 -23"><span class='ocrx_word' id='word_1_161' title='bbox 196 2628 432 2718; x_wconf 91' lang='lat' dir='ltr'>quodammodo</span> <span class='ocrx_word' id='word_1_162' title='bbox 448 2629 545 2694; x_wconf 91' lang='lat' dir='ltr'>etiam</span> <span class='ocrx_word' id='word_1_163' title='bbox 563 2629 697 2695; x_wconf 89' lang='lat' dir='ltr'>deorum</span> <span class='ocrx_word' id='word_1_164' title='bbox 715 2633 780 2711; x_wconf 84' lang='lat' dir='ltr'>est3</span> <span class='ocrx_word' id='word_1_165' title='bbox 801 2627 981 2717; x_wconf 89' lang='lat' dir='ltr'>Eumolpus</span> <span class='ocrx_word' id='word_1_166' title='bbox 997 2627 1140 2716; x_wconf 89' lang='lat' dir='ltr'>Neptuni</span> <span class='ocrx_word' id='word_1_167' title='bbox 1155 2631 1258 2716; x_wconf 91' lang='lat' dir='ltr'>patris</span> <span class='ocrx_word' id='word_1_168' title='bbox 1273 2637 1383 2716; x_wconf 89' lang='lat' dir='ltr'>partes</span> 
     </span>
     <span class='ocr_line' id='line_1_23' title="bbox 198 2734 1383 2828; baseline -0.003 -24"><span class='ocrx_word' id='word_1_169' title='bbox 198 2741 292 2822; x_wconf 86' lang='lat' dir='ltr'>gerit,</span> <span class='ocrx_word' id='word_1_170' title='bbox 316 2735 518 2804; x_wconf 89' lang='lat' dir='ltr'>Erechtheus</span> <span class='ocrx_word' id='word_1_171' title='bbox 533 2734 706 2828; x_wconf 86' lang='lat' dir='ltr'>Minervae.</span> <span class='ocrx_word' id='word_1_172' title='bbox 747 2736 781 2802; x_wconf 94' lang='lat' dir='ltr'>Id</span> <span class='ocrx_word' id='word_1_173' title='bbox 798 2736 884 2822; x_wconf 91' lang='lat' dir='ltr'>quod</span> <span class='ocrx_word' id='word_1_174' title='bbox 906 2757 1020 2802; x_wconf 90' lang='lat' dir='ltr'>versus</span> <span class='ocrx_word' id='word_1_175' title='bbox 1043 2737 1092 2801; x_wconf 89' lang='lat' dir='ltr'>illi</span> <span class='ocrx_word' id='word_1_176' title='bbox 1114 2736 1321 2823; x_wconf 89' lang='lat' dir='ltr'>pulcherrimi</span> <span class='ocrx_word' id='word_1_177' title='bbox 1344 2756 1383 2802; x_wconf 83' lang='lat' dir='ltr'>ex</span> 
     </span>
     <span class='ocr_line' id='line_1_24' title="bbox 196 2841 872 2929; baseline -0.003 -19"><span class='ocrx_word' id='word_1_178' title='bbox 196 2844 390 2910; x_wconf 84' lang='lat' dir='ltr'>Praxitheae</span> <span class='ocrx_word' id='word_1_179' title='bbox 413 2844 558 2911; x_wconf 86' lang='lat' dir='ltr'>oratione</span> <span class='ocrx_word' id='word_1_180' title='bbox 582 2841 872 2929; x_wconf 77' lang='lat' dir='ltr'>demonstrantz⁶⁸)</span> 
     </span>
    </p>

    <p class='ocr_par' dir='ltr' id='par_1_5' title="bbox 411 2948 1173 3146">
     <span class='ocr_line' id='line_1_25' title="bbox 411 2948 1085 3040; baseline 0.001 -27"><span class='ocrx_word' id='word_1_181' title='bbox 411 2948 469 3014; x_wconf 82' lang='grc' dir='ltr'>ούδ</span> <span class='ocrx_word' id='word_1_182' title='bbox 502 2949 563 3015; x_wconf 83' lang='grc' dir='ltr'><em>ἀντ’</em></span> <span class='ocrx_word' id='word_1_183' title='bbox 593 2952 689 3028; x_wconf 80' lang='grc' dir='ltr'><em>ἐλάας</em></span> <span class='ocrx_word' id='word_1_184' title='bbox 707 2951 846 3040; x_wconf 78' lang='grc' dir='ltr'><em>χρυσέας</em></span> <span class='ocrx_word' id='word_1_185' title='bbox 868 2974 902 3014; x_wconf 87' lang='grc' dir='ltr'>τε</span> <span class='ocrx_word' id='word_1_186' title='bbox 928 2949 1085 3037; x_wconf 73' lang='grc' dir='ltr'><em>Γοργόνος</em></span> 
     </span>
     <span class='ocr_line' id='line_1_26' title="bbox 413 3055 1173 3146; baseline 0 -25"><span class='ocrx_word' id='word_1_187' title='bbox 413 3056 548 3144; x_wconf 80' lang='grc' dir='ltr'><em>τρίαιναν</em></span> <span class='ocrx_word' id='word_1_188' title='bbox 572 3057 672 3146; x_wconf 76' lang='grc' dir='ltr'><em>ὀρθὴν</em></span> <span class='ocrx_word' id='word_1_189' title='bbox 696 3062 813 3121; x_wconf 86' lang='grc' dir='ltr'><em>στᾶσαν</em></span> <span class='ocrx_word' id='word_1_190' title='bbox 837 3058 869 3121; x_wconf 91' lang='grc' dir='ltr'><em>ἐν</em></span> <span class='ocrx_word' id='word_1_191' title='bbox 893 3057 1014 3133; x_wconf 82' lang='grc' dir='ltr'><em>πόλεως</em></span> <span class='ocrx_word' id='word_1_192' title='bbox 1035 3055 1173 3144; x_wconf 82' lang='grc' dir='ltr'><em>βάθροις</em></span> 
     </span>
    </p>
   </div>
   <div class='ocr_carea' id='block_1_3' title="bbox 199 3270 1395 4413">
    <p class='ocr_par' dir='ltr' id='par_1_6' title="bbox 199 3270 1395 4413">
     <span class='ocr_line' id='line_1_27' title="bbox 289 3270 1388 3347; baseline -0.001 -19"><span class='ocrx_word' id='word_1_193' title='bbox 289 3270 324 3343; x_wconf 80' lang='lat'>⁶⁵)</span> <span class='ocrx_word' id='word_1_194' title='bbox 343 3276 412 3344; x_wconf 79' lang='lat' dir='ltr'>Apd.</span> <span class='ocrx_word' id='word_1_195' title='bbox 431 3275 449 3328; x_wconf 93' lang='lat' dir='ltr'>l.</span> <span class='ocrx_word' id='word_1_196' title='bbox 469 3276 485 3327; x_wconf 92' lang='lat' dir='ltr'>l.</span> <span class='ocrx_word' id='word_1_197' title='bbox 507 3273 532 3341; x_wconf 67' lang='grc' dir='ltr'>(ξ</span> <span class='ocrx_word' id='word_1_198' title='bbox 553 3275 580 3340; x_wconf 84' lang='lat'>3)</span> <span class='ocrx_word' id='word_1_199' title='bbox 595 3279 633 3337; x_wconf 81' lang='grc' dir='ltr'><em>ὡς</em></span> <span class='ocrx_word' id='word_1_200' title='bbox 652 3278 684 3329; x_wconf 85' lang='grc' dir='ltr'>δὲ</span> <span class='ocrx_word' id='word_1_201' title='bbox 705 3277 854 3347; x_wconf 85' lang='grc' dir='ltr'><em>ἐτελειώθη</em></span> <span class='ocrx_word' id='word_1_202' title='bbox 875 3275 951 3328; x_wconf 80' lang='grc' dir='ltr'><em>ἔνδον</em></span> <span class='ocrx_word' id='word_1_203' title='bbox 965 3276 993 3327; x_wconf 83' lang='grc' dir='ltr'><em>ἐν</em></span> <span class='ocrx_word' id='word_1_204' title='bbox 1004 3274 1214 3346; x_wconf 71' lang='grc' dir='ltr'><em>Βενθεσικύμης,</em></span> <span class='ocrx_word' id='word_1_205' title='bbox 1229 3278 1244 3329; x_wconf 86' lang='grc' dir='ltr'><em>δ</em></span> <span class='ocrx_word' id='word_1_206' title='bbox 1257 3276 1326 3345; x_wconf 84' lang='grc' dir='ltr'><em>ἀνὴρ</em></span> <span class='ocrx_word' id='word_1_207' title='bbox 1339 3274 1388 3340; x_wconf 89' lang='lat' dir='ltr'>(sic</span> 
     </span>
     <span class='ocr_line' id='line_1_28' title="bbox 199 3362 1389 3434; baseline -0.003 -16"><span class='ocrx_word' id='word_1_208' title='bbox 199 3364 302 3432; x_wconf 85' lang='lat' dir='ltr'>Heyne‚</span> <span class='ocrx_word' id='word_1_209' title='bbox 313 3366 508 3431; x_wconf 84' lang='lat' dir='ltr'>Westermann‚</span> <span class='ocrx_word' id='word_1_210' title='bbox 519 3365 623 3430; x_wconf 62' lang='lat' dir='ltr'>Nullam</span> <span class='ocrx_word' id='word_1_211' title='bbox 630 3362 732 3425; x_wconf 78' lang='grc' dir='ltr'><em>Ἔνδιος</em></span> <span class='ocrx_word' id='word_1_212' title='bbox 742 3369 756 3418; x_wconf 86' lang='grc' dir='ltr'><em>ὑ</em></span> <span class='ocrx_word' id='word_1_213' title='bbox 766 3364 969 3433; x_wconf 67' lang='grc' dir='ltr'><em>Βενθεσικύμης</em></span> <span class='ocrx_word' id='word_1_214' title='bbox 979 3365 1047 3434; x_wconf 76' lang='grc' dir='ltr'><em>ἀνὴρ</em></span> <span class='ocrx_word' id='word_1_215' title='bbox 1055 3363 1224 3431; x_wconf 78' lang='lat' dir='ltr'>(?)Hercher)</span> <span class='ocrx_word' id='word_1_216' title='bbox 1235 3367 1282 3434; x_wconf 85' lang='grc' dir='ltr'><em>τὴν</em></span> <span class='ocrx_word' id='word_1_217' title='bbox 1293 3365 1389 3432; x_wconf 72' lang='grc' dir='ltr'><em>ἑτέραν</em></span> 
     </span>
     <span class='ocr_line' id='line_1_29' title="bbox 202 3449 1389 3525; baseline -0.003 -18"><span class='ocrx_word' id='word_1_218' title='bbox 202 3449 279 3525; x_wconf 73' lang='grc' dir='ltr'><em>αὐτῷ</em></span> <span class='ocrx_word' id='word_1_219' title='bbox 294 3459 346 3508; x_wconf 84' lang='grc' dir='ltr'><em>τῶν</em></span> <span class='ocrx_word' id='word_1_220' title='bbox 361 3453 522 3524; x_wconf 79' lang='grc' dir='ltr'><em>θυγατέρων</em></span> <span class='ocrx_word' id='word_1_221' title='bbox 536 3455 651 3508; x_wconf 84' lang='grc' dir='ltr'><em>δίδωσιν.</em></span> <span class='ocrx_word' id='word_1_222' title='bbox 667 3454 707 3520; x_wconf 86' lang='grc'>(4)</span> <span class='ocrx_word' id='word_1_223' title='bbox 719 3458 735 3508; x_wconf 81' lang='grc' dir='ltr'><em>ὁ</em></span> <span class='ocrx_word' id='word_1_224' title='bbox 745 3457 777 3507; x_wconf 89' lang='grc' dir='ltr'><em>δέ</em></span> <span class='ocrx_word' id='word_1_225' title='bbox 788 3454 832 3507; x_wconf 78' lang='grc' dir='ltr'><em>καὶ</em></span> <span class='ocrx_word' id='word_1_226' title='bbox 848 3454 895 3523; x_wconf 87' lang='grc' dir='ltr'><em>τὴν</em></span> <span class='ocrx_word' id='word_1_227' title='bbox 909 3453 1031 3524; x_wconf 84' lang='grc' dir='ltr'><em>ἀδελφὴν</em></span> <span class='ocrx_word' id='word_1_228' title='bbox 1041 3458 1091 3521; x_wconf 72' lang='grc' dir='ltr'><em>τῆς</em></span> <span class='ocrx_word' id='word_1_229' title='bbox 1099 3454 1273 3524; x_wconf 74' lang='grc' dir='ltr'><em>γαμηθείσης</em></span> <span class='ocrx_word' id='word_1_230' title='bbox 1285 3451 1389 3523; x_wconf 81' lang='grc' dir='ltr'><em>ἐπεχεί·</em></span> 
     </span>
     <span class='ocr_line' id='line_1_30' title="bbox 199 3537 1389 3613; baseline -0.002 -19"><span class='ocrx_word' id='word_1_231' title='bbox 199 3560 270 3612; x_wconf 91' lang='grc' dir='ltr'><em>ρησε</em></span> <span class='ocrx_word' id='word_1_232' title='bbox 279 3543 438 3608; x_wconf 74' lang='grc' dir='ltr'><em>βιάζεσθαι·</em></span> <span class='ocrx_word' id='word_1_233' title='bbox 454 3544 499 3596; x_wconf 79' lang='grc' dir='ltr'><em>καὶ</em></span> <span class='ocrx_word' id='word_1_234' title='bbox 514 3545 559 3596; x_wconf 88' lang='grc' dir='ltr'>διὰ</span> <span class='ocrx_word' id='word_1_235' title='bbox 575 3548 655 3597; x_wconf 87' lang='grc' dir='ltr'><em>τούτο</em></span> <span class='ocrx_word' id='word_1_236' title='bbox 665 3543 852 3613; x_wconf 71' lang='grc' dir='ltr'><em>φυγαδευθεὶς</em></span> <span class='ocrx_word' id='word_1_237' title='bbox 865 3543 936 3608; x_wconf 84' lang='grc' dir='ltr'><em>μετὰ</em></span> <span class='ocrx_word' id='word_1_238' title='bbox 948 3539 1074 3613; x_wconf 87' lang='grc' dir='ltr'><em>Ἰσμάρου</em></span> <span class='ocrx_word' id='word_1_239' title='bbox 1091 3543 1247 3607; x_wconf 27' lang='grc' dir='ltr'><em>τού-παιδὸς</em></span> <span class='ocrx_word' id='word_1_240' title='bbox 1260 3541 1330 3611; x_wconf 86' lang='grc' dir='ltr'><em>πρὸς</em></span> <span class='ocrx_word' id='word_1_241' title='bbox 1346 3537 1369 3593; x_wconf 87' lang='grc' dir='ltr'><em>Τ</em></span> <span class='ocrx_word' id='word_1_242' title='bbox 1365 3559 1389 3592; x_wconf 89' lang='grc' dir='ltr'>ε·</span> 
     </span>
     <span class='ocr_line' id='line_1_31' title="bbox 201 3626 1389 3705; baseline -0.001 -23"><span class='ocrx_word' id='word_1_243' title='bbox 201 3630 292 3700; x_wconf 91' lang='grc' dir='ltr'><em>γύριον</em></span> <span class='ocrx_word' id='word_1_244' title='bbox 312 3631 369 3702; x_wconf 77' lang='grc' dir='ltr'><em>ἧκε,</em></span> <span class='ocrx_word' id='word_1_245' title='bbox 393 3631 504 3705; x_wconf 75' lang='grc' dir='ltr'><em>θρηνῶν</em></span> <span class='ocrx_word' id='word_1_246' title='bbox 516 3633 641 3699; x_wconf 81' lang='grc' dir='ltr'><em>βασιλέα,</em></span> <span class='ocrx_word' id='word_1_247' title='bbox 661 3633 692 3694; x_wconf 86' lang='grc' dir='ltr'><em>ὃς</em></span> <span class='ocrx_word' id='word_1_248' title='bbox 711 3633 796 3685; x_wconf 85' lang='grc' dir='ltr'><em>αὐτοῦ</em></span> <span class='ocrx_word' id='word_1_249' title='bbox 815 3626 855 3702; x_wconf 77' lang='grc' dir='ltr'>τῷ</span> <span class='ocrx_word' id='word_1_250' title='bbox 874 3632 947 3684; x_wconf 77' lang='grc' dir='ltr'><em>παιδί</em></span> <span class='ocrx_word' id='word_1_251' title='bbox 967 3633 1014 3702; x_wconf 87' lang='grc' dir='ltr'><em>τὴν</em></span> <span class='ocrx_word' id='word_1_252' title='bbox 1032 3632 1175 3701; x_wconf 74' lang='grc' dir='ltr'><em>θυγατέρα</em></span> <span class='ocrx_word' id='word_1_253' title='bbox 1193 3627 1341 3700; x_wconf 79' lang='grc' dir='ltr'><em>συνῴκισεν.</em></span> <span class='ocrx_word' id='word_1_254' title='bbox 1356 3655 1389 3666; x_wconf 84' lang='grc'><strong>-</strong></span> 
     </span>
     <span class='ocr_line' id='line_1_32' title="bbox 202 3713 1390 3793; baseline 0 -21"><span class='ocrx_word' id='word_1_255' title='bbox 202 3713 236 3784; x_wconf 79' lang='lat'>⁶⁶)</span> <span class='ocrx_word' id='word_1_256' title='bbox 242 3719 309 3773; x_wconf 90' lang='lat' dir='ltr'>lbid.</span> <span class='ocrx_word' id='word_1_257' title='bbox 316 3717 342 3787; x_wconf 68' lang='grc' dir='ltr'>(ξ</span> <span class='ocrx_word' id='word_1_258' title='bbox 348 3719 377 3786; x_wconf 89' lang='grc'>5)</span> <span class='ocrx_word' id='word_1_259' title='bbox 384 3721 568 3788; x_wconf 80' lang='grc' dir='ltr'><em>ἐπιβουλεύων</em></span> <span class='ocrx_word' id='word_1_260' title='bbox 579 3724 610 3776; x_wconf 86' lang='grc' dir='ltr'><em>δέ</em></span> <span class='ocrx_word' id='word_1_261' title='bbox 621 3722 734 3793; x_wconf 80' lang='grc' dir='ltr'><em>ὕστερον</em></span> <span class='ocrx_word' id='word_1_262' title='bbox 744 3719 863 3792; x_wconf 82' lang='grc' dir='ltr'><em>Τεγυρίῳ</em></span> <span class='ocrx_word' id='word_1_263' title='bbox 874 3723 1032 3792; x_wconf 79' lang='grc' dir='ltr'><em>καταφανὴς</em></span> <span class='ocrx_word' id='word_1_264' title='bbox 1040 3722 1149 3791; x_wconf 83' lang='grc' dir='ltr'><em>γίνεται,</em></span> <span class='ocrx_word' id='word_1_265' title='bbox 1155 3721 1199 3774; x_wconf 78' lang='grc' dir='ltr'><em>καὶ</em></span> <span class='ocrx_word' id='word_1_266' title='bbox 1210 3716 1390 3790; x_wconf 80' lang='grc' dir='ltr'><em>πρδςἘλευοτ·</em></span> 
     </span>
     <span class='ocr_line' id='line_1_33' title="bbox 203 3807 1391 3882; baseline -0.001 -20"><span class='ocrx_word' id='word_1_267' title='bbox 203 3812 275 3872; x_wconf 86' lang='grc' dir='ltr'><em>νίους</em></span> <span class='ocrx_word' id='word_1_268' title='bbox 287 3809 383 3881; x_wconf 80' lang='grc' dir='ltr'><em>φεύγει</em></span> <span class='ocrx_word' id='word_1_269' title='bbox 397 3811 441 3865; x_wconf 77' lang='grc' dir='ltr'><em>καί</em></span> <span class='ocrx_word' id='word_1_270' title='bbox 454 3812 543 3882; x_wconf 83' lang='grc' dir='ltr'><em>φιλίαν</em></span> <span class='ocrx_word' id='word_1_271' title='bbox 556 3816 672 3866; x_wconf 83' lang='grc' dir='ltr'><em>ποιεῖται</em></span> <span class='ocrx_word' id='word_1_272' title='bbox 685 3813 754 3882; x_wconf 85' lang='grc' dir='ltr'><em>πρὸς</em></span> <span class='ocrx_word' id='word_1_273' title='bbox 767 3811 873 3870; x_wconf 73' lang='grc' dir='ltr'><em>αὐτούς.</em></span> <span class='ocrx_word' id='word_1_274' title='bbox 889 3809 929 3876; x_wconf 89' lang='grc'>(6)</span> <span class='ocrx_word' id='word_1_275' title='bbox 942 3809 1026 3872; x_wconf 84' lang='grc' dir='ltr'><em>Αὖθις</em></span> <span class='ocrx_word' id='word_1_276' title='bbox 1039 3812 1071 3863; x_wconf 89' lang='grc' dir='ltr'><em>δέ</em></span> <span class='ocrx_word' id='word_1_277' title='bbox 1081 3807 1208 3881; x_wconf 84' lang='grc' dir='ltr'><em>Ἰσμάρου</em></span> <span class='ocrx_word' id='word_1_278' title='bbox 1221 3808 1391 3880; x_wconf 76' lang='grc' dir='ltr'><em>τελευτησαν-</em></span> 
     </span>
     <span class='ocr_line' id='line_1_34' title="bbox 204 3899 1391 3973; baseline -0.003 -19"><span class='ocrx_word' id='word_1_279' title='bbox 204 3919 258 3967; x_wconf 90' lang='grc' dir='ltr'><em>τος,</em></span> <span class='ocrx_word' id='word_1_280' title='bbox 286 3901 499 3971; x_wconf 77' lang='grc' dir='ltr'><em>μεταπεμφθεὶς</em></span> <span class='ocrx_word' id='word_1_281' title='bbox 517 3903 569 3955; x_wconf 83' lang='grc' dir='ltr'>ὑπὸ</span> <span class='ocrx_word' id='word_1_282' title='bbox 594 3899 721 3972; x_wconf 82' lang='grc' dir='ltr'><em>Τεγυρίου</em></span> <span class='ocrx_word' id='word_1_283' title='bbox 741 3901 928 3973; x_wconf 86' lang='grc' dir='ltr'><em>παραγίνεται,</em></span> <span class='ocrx_word' id='word_1_284' title='bbox 957 3901 1001 3954; x_wconf 82' lang='grc' dir='ltr'><em>καὶ</em></span> <span class='ocrx_word' id='word_1_285' title='bbox 1030 3901 1078 3970; x_wconf 78' lang='grc' dir='ltr'><em>τὴν</em></span> <span class='ocrx_word' id='word_1_286' title='bbox 1107 3904 1210 3971; x_wconf 81' lang='grc' dir='ltr'><em>προτοῦ</em></span> <span class='ocrx_word' id='word_1_287' title='bbox 1228 3900 1319 3970; x_wconf 79' lang='grc' dir='ltr'><em>μάχην</em></span> <span class='ocrx_word' id='word_1_288' title='bbox 1337 3900 1391 3952; x_wconf 85' lang='grc' dir='ltr'><em>δια·</em></span> 
     </span>
     <span class='ocr_line' id='line_1_35' title="bbox 205 3984 1392 4061; baseline -0.003 -19"><span class='ocrx_word' id='word_1_289' title='bbox 205 3989 356 4056; x_wconf 85' lang='grc' dir='ltr'><em>λυσάμενος</em></span> <span class='ocrx_word' id='word_1_290' title='bbox 382 3991 430 4060; x_wconf 72' lang='grc' dir='ltr'><em>τὴν</em></span> <span class='ocrx_word' id='word_1_291' title='bbox 457 3990 600 4058; x_wconf 80' lang='grc' dir='ltr'><em>βασιλείαν</em></span> <span class='ocrx_word' id='word_1_292' title='bbox 628 3991 780 4061; x_wconf 82' lang='grc' dir='ltr'><em>παρέλαβε.</em></span> <span class='ocrx_word' id='word_1_293' title='bbox 801 3988 840 4057; x_wconf 88' lang='grc'>(7)</span> <span class='ocrx_word' id='word_1_294' title='bbox 861 3990 1045 4056; x_wconf 76' lang='grc' dir='ltr'><em>καὶπολέμου</em></span> <span class='ocrx_word' id='word_1_295' title='bbox 1066 3990 1208 4049; x_wconf 81' lang='grc' dir='ltr'><em>ἐνστάντος</em></span> <span class='ocrx_word' id='word_1_296' title='bbox 1232 3991 1302 4060; x_wconf 85' lang='grc' dir='ltr'><em>πρὸς</em></span> <span class='ocrx_word' id='word_1_297' title='bbox 1317 3984 1392 4054; x_wconf 83' lang='grc' dir='ltr'><em>Ἀθη·</em></span> 
     </span>
     <span class='ocr_line' id='line_1_36' title="bbox 205 4075 1394 4152; baseline -0.004 -20"><span class='ocrx_word' id='word_1_298' title='bbox 205 4080 295 4140; x_wconf 86' lang='grc' dir='ltr'><em>ναίους</em></span> <span class='ocrx_word' id='word_1_299' title='bbox 323 4084 380 4140; x_wconf 85' lang='grc' dir='ltr'><em>τοῖς</em></span> <span class='ocrx_word' id='word_1_300' title='bbox 395 4076 566 4146; x_wconf 78' lang='grc' dir='ltr'><em>Ἐλευσινίοις,</em></span> <span class='ocrx_word' id='word_1_301' title='bbox 598 4081 754 4152; x_wconf 82' lang='grc' dir='ltr'><em>ἐπικληθεὶς</em></span> <span class='ocrx_word' id='word_1_302' title='bbox 783 4080 835 4133; x_wconf 84' lang='grc' dir='ltr'>ὑπὸ</span> <span class='ocrx_word' id='word_1_303' title='bbox 861 4075 1022 4133; x_wconf 84' lang='grc' dir='ltr'><em>Ἐλευσινίων</em></span> <span class='ocrx_word' id='word_1_304' title='bbox 1040 4079 1112 4145; x_wconf 86' lang='grc' dir='ltr'><em>μετὰ</em></span> <span class='ocrx_word' id='word_1_305' title='bbox 1132 4079 1232 4146; x_wconf 84' lang='grc' dir='ltr'><em>πολλῆς</em></span> <span class='ocrx_word' id='word_1_306' title='bbox 1250 4076 1394 4144; x_wconf 84' lang='grc' dir='ltr'><em>συνεμάχει</em></span> 
     </span>
     <span class='ocr_line' id='line_1_37' title="bbox 206 4163 1395 4239; baseline -0.001 -18"><span class='ocrx_word' id='word_1_307' title='bbox 206 4171 314 4239; x_wconf 81' lang='grc' dir='ltr'><em>θρᾶιιῶν</em></span> <span class='ocrx_word' id='word_1_308' title='bbox 341 4171 491 4235; x_wconf 86' lang='grc' dir='ltr'><em>δυνάμεως.</em></span> <span class='ocrx_word' id='word_1_309' title='bbox 511 4197 546 4206; x_wconf 89' lang='grc'>-</span> <span class='ocrx_word' id='word_1_310' title='bbox 572 4163 606 4235; x_wconf 78' lang='lat'>⁶⁷)</span> <span class='ocrx_word' id='word_1_311' title='bbox 626 4171 751 4238; x_wconf 83' lang='lat' dir='ltr'>Neptuno</span> <span class='ocrx_word' id='word_1_312' title='bbox 779 4168 902 4222; x_wconf 83' lang='lat' dir='ltr'>tribuunt</span> <span class='ocrx_word' id='word_1_313' title='bbox 928 4169 1060 4222; x_wconf 81' lang='lat' dir='ltr'>Lobeck</span> <span class='ocrx_word' id='word_1_314' title='bbox 1079 4169 1140 4237; x_wconf 77' lang='lat' dir='ltr'>Agl.</span> <span class='ocrx_word' id='word_1_315' title='bbox 1163 4185 1191 4237; x_wconf 89' lang='lat' dir='ltr'>p.</span> <span class='ocrx_word' id='word_1_316' title='bbox 1216 4167 1269 4220; x_wconf 78' lang='lat'>216</span> <span class='ocrx_word' id='word_1_317' title='bbox 1298 4165 1395 4229; x_wconf 69' lang='lat' dir='ltr'>„verba</span> 
     </span>
     <span class='ocr_line' id='line_1_38' title="bbox 204 4253 1394 4326; baseline -0.004 -17"><span class='ocrx_word' id='word_1_318' title='bbox 204 4257 323 4325; x_wconf 83' lang='lat' dir='ltr'>Neptuni</span> <span class='ocrx_word' id='word_1_319' title='bbox 342 4257 421 4312; x_wconf 86' lang='lat' dir='ltr'>sunt“</span> <span class='ocrx_word' id='word_1_320' title='bbox 442 4265 470 4314; x_wconf 80' lang='lat' dir='ltr'>et</span> <span class='ocrx_word' id='word_1_321' title='bbox 489 4261 520 4314; x_wconf 89' lang='lat' dir='ltr'>U.</span> <span class='ocrx_word' id='word_1_322' title='bbox 539 4260 565 4313; x_wconf 91' lang='lat' dir='ltr'>d.</span> <span class='ocrx_word' id='word_1_323' title='bbox 585 4260 799 4314; x_wconf 81' lang='lat' dir='ltr'>Wilamowitz</span> <span class='ocrx_word' id='word_1_324' title='bbox 820 4258 837 4311; x_wconf 94' lang='lat' dir='ltr'>l.</span> <span class='ocrx_word' id='word_1_325' title='bbox 857 4257 875 4310; x_wconf 87' lang='lat' dir='ltr'>l.</span> <span class='ocrx_word' id='word_1_326' title='bbox 900 4275 927 4326; x_wconf 92' lang='lat' dir='ltr'>p.</span> <span class='ocrx_word' id='word_1_327' title='bbox 948 4258 1013 4322; x_wconf 84' lang='lat'>141;</span> <span class='ocrx_word' id='word_1_328' title='bbox 1042 4259 1230 4312; x_wconf 85' lang='lat' dir='ltr'>Welclrerus</span> <span class='ocrx_word' id='word_1_329' title='bbox 1250 4253 1394 4308; x_wconf 80' lang='lat' dir='ltr'>Erechtheo</span> 
     </span>
     <span class='ocr_line' id='line_1_39' title="bbox 206 4341 1394 4413; baseline -0.006 -12"><span class='ocrx_word' id='word_1_330' title='bbox 206 4345 307 4411; x_wconf 87' lang='lat' dir='ltr'>(tuetur</span> <span class='ocrx_word' id='word_1_331' title='bbox 335 4349 405 4401; x_wconf 90' lang='lat' dir='ltr'>enim</span> <span class='ocrx_word' id='word_1_332' title='bbox 434 4351 555 4405; x_wconf 90' lang='lat' dir='ltr'>codicum</span> <span class='ocrx_word' id='word_1_333' title='bbox 583 4351 736 4406; x_wconf 76' lang='lat' dir='ltr'>lectionem:</span> <span class='ocrx_word' id='word_1_334' title='bbox 768 4346 926 4413; x_wconf 78' lang='grc' dir='ltr'><em>ἐξέσυσας).</em></span> <span class='ocrx_word' id='word_1_335' title='bbox 947 4342 1177 4413; x_wconf 68' lang='lat' dir='ltr'>-⁶⁸)1tr.362,</span> <span class='ocrx_word' id='word_1_336' title='bbox 1199 4341 1394 4399; x_wconf 69' lang='lat' dir='ltr'>ale-9.-</span> 
     </span>
    </p>
   </div>
   <div class='ocr_carea' id='block_1_4' title="bbox 0 0 1602 5078">
    <p class='ocr_par' dir='ltr' id='par_1_7' title="bbox 0 0 1602 5078">
     <span class='ocr_line' id='line_1_40' title="bbox 0 0 1602 5078; baseline 0 0"><span class='ocrx_word' id='word_1_337' title='bbox 0 0 1602 5078; x_wconf 95' lang='lat' dir='ltr'> </span> 
     </span>
    </p>
   </div>
  </div>
 </body>
</html>
