3136 5078
674 342 888 439 -8-2-

278 540 344 606 lam
367 558 442 604 vero
466 537 590 603 Rhesus
614 536 706 602 Ilium
728 536 819 602 venit
841 537 949 621 ibique
972 536 1116 601 moritur.
1157 537 1220 605 Sed
1244 559 1371 606 manse-

187 654 263 715 runt
285 650 355 714 eius
378 646 525 728 vestIgia
548 645 707 730 imprimis
730 643 852 738 Rhesus
862 645 990 730 ,liumus
1004 644 1053 735 ⁴ab
1070 641 1127 709 Ida
1144 645 1178 740 in
1194 666 1283 712 mare
1298 667 1371 734 pro·

187 753 361 841 finenem)
392 754 443 821 De
456 755 545 821 cuius
562 756 628 820 situ
645 753 731 840 apud
746 759 871 821 veteres
888 753 1123 836 ambigebatur:
1147 753 1372 824 Demetrius

188 846 385 951 Scepsius
416 868 474 929 aut
501 860 638 928 eundem
667 882 739 929 esse
770 882 864 948 quem
888 861 1015 944 Roiten‚
1052 866 1107 928 aut
1140 864 1173 928 in
1197 862 1370 930 Granicum

153 1038 157 1047 ,
187 971 308 1040 effundi
331 969 495 1056 dixit3309)
536 970 591 1036 alii
621 991 692 1036 cum
716 969 883 1037 Rhebante
928 968 1096 1055 Bithyniae
1134 971 1264 1038 flumme
1295 992 1371 1038 con-

186 1077 401 1166 tulerunt.³¹⁰)
436 1078 683 1144 Parthenius
696 1078 747 1145 vel
760 1079 900 1145 occisum
917 1077 1005 1164 apud
1021 1078 1071 1144 sui
1087 1079 1225 1144 nominis
1241 1078 1371 1145 flurium

187 1188 330 1254 Rhesum
363 1185 579 1273 auravicen)
619 1186 766 1272 Denique
797 1185 937 1253 Strabo
964 1187 1049 1252 iuter
1071 1187 1259 1272 ὁμωνυμίας,
1289 1208 1371 1274 quae

187 1294 306 1362 Troadi
322 1315 393 1360 cum
411 1293 549 1361 Thracia
564 1294 810 1376 intercederent,
835 1294 933 1360 etiam
950 1293 1092 1360 Rhesum
1115 1296 1148 1359 in
1166 1293 1290 1361 Troade
1313 1295 1371 1361 llu-

187 1405 274 1468 vium
299 1407 333 1468 et
355 1400 496 1468 Rhesum
521 1400 680 1468 Thracum
702 1422 809 1484 regem
832 1400 1017 1488 retulit-²³¹2)
1053 1387 1055 1391 ¹
1124 1391 1128 1394 ⁵

276 1511 386 1597 Atque
422 1511 521 1576 etiam
556 1511 718 1575 tumulum
753 1509 850 1576 Rhesi
878 1511 912 1575 in
941 1507 1065 1575 Troade
1094 1510 1195 1576 fuisse
1218 1551 1262 1560 —
1287 1512 1372 1576 sicut

186 1621 323 1686 Achillis
347 1619 485 1685 Patrocli
509 1617 661 1686 Hectoris
686 1659 728 1669 -
753 1639 794 1685 ex
824 1617 974 1686 Hectoris
1008 1619 1041 1682 in
1070 1618 1236 1701 tragoedia
1265 1618 1370 1683 verbis

186 1726 437 1813 concludasz313)

425 1837 475 1900 καὶ
499 1838 551 1900 νῦν
576 1837 699 1922 ἑτοῖμος
722 1835 805 1923 τῷδε
829 1837 878 1899 καί
902 1837 1006 1909 τεῦξαι
1029 1837 1127 1922 τάφον

424 1945 473 2007 καὶ
497 1948 702 2031 σωμπνρῶσαι
724 1943 845 2032 μυρίων
869 1943 995 2008 πέπλων
1014 1943 1131 2034 χλιδήν,

186 2072 382 2139 quamquam
406 2050 517 2116 strIota
540 2050 602 2116 loci
625 2050 849 2136 interpretatio
866 2050 899 2114 id
914 2069 976 2115 non
993 2050 1146 2135 postulat.
1180 2048 1245 2116 Sed
1261 2070 1370 2115 narra-

185 2163 238 2226 tur
254 2181 273 2224 a
289 2157 547 2243 Polyaen0314)
564 2156 965 2244 HagnonemdmphipolIs
977 2157 1174 2224 conditorem
1187 2179 1227 2224 ex
1241 2159 1370 2224 oraculo
1464 2247 1466 2250 .

186 2266 286 2354 (quod
321 2267 513 2333 verbotenus
547 2264 693 2352 affertur)
725 2264 824 2338 Rhesi
850 2286 933 2335 ¹ossa
967 2285 1017 2350 ex*
1035 2265 1140 2351 ⁴huius
1175 2266 1370 2332 monimento

186 2376 303 2464 (σῆμα)
325 2373 412 2461 apud
427 2373 554 2441 Troiam
579 2377 743 2440 exstructo
768 2374 852 2441 clam
875 2373 1096 2441 transferenda
1119 2394 1248 2440 curasse
1272 2374 1370 2440 elusis

185 2484 318 2569 insuper
340 2481 525 2566 Thracibus.
576 2481 644 2547 Iam
667 2502 742 2548 uero
777 2481 828 2548 hic
857 2483 927 2568 ipse
956 2481 1048 2549 dolus
1078 2481 1281 2568 (σπείσασθαι
1310 2483 1370 2569 γὰρ

185 2595 267 2680 τρεῖς
289 2592 421 2681 ἡμέρας,
445 2591 481 2656 οὔ
497 2593 580 2678 τρεῖς
596 2591 720 2678 νύκτας)
736 2590 816 2656 nihil
838 2590 926 2656 aliud
944 2596 994 2658 est
1008 2591 1072 2657 nisi
1087 2591 1144 2656 illa
1161 2589 1245 2675 apud
1261 2588 1369 2674 Epho-

184 2720 257 2764 rum
284 2699 401 2789 Θρᾳκίω
420 2696 685 2793 μωρε-ύρξσιςῇίὸ)
715 2718 820 2783 neque
850 2719 924 2765 vero
954 2719 993 2764 ea
1016 2720 1035 2764 a
1059 2698 1236 2764 Thracibus
1260 2702 1370 2762 contra

186 2805 340 2890 Graecos,
376 2805 434 2872 sed
456 2806 594 2872 invicem
617 2826 637 2871 a
662 2805 794 2872 Graecis
818 2810 928 2872 contra
952 2805 1089 2871 Thraces
1118 2805 1276 2886 adhiblta,
1313 2805 1369 2890 qui

184 2916 279 3001 quasi
315 2915 384 2980 suis
419 2913 517 2978 armIs
552 2913 734 2977 vincuntur.
781 2911 893 2978 FIctus
921 2913 1021 2994 igitur
1048 2911 1140 2979 dolus
1170 2912 1299 2978 videtur
1327 2912 1369 2979 ad

183 3022 350 3108 Ephoreae
374 3019 568 3085 narrationis
593 3019 758 3105 exemplar
782 3018 822 3085 ah
845 3020 973 3086 homine
998 3020 1032 3085 id
1052 3021 1162 3107 ipsum
1183 3026 1306 3104 agente,
1332 3028 1370 3086 ut

184 3128 265 3194 illud
288 3128 340 3194 vel
364 3131 549 3214 superaret,
585 3125 619 3193 id
643 3126 730 3214 quod
763 3132 802 3193 ut
826 3149 997 3195 caueamus
1025 3149 1084 3196 nos
1108 3128 1274 3212 admonet,
1310 3149 1369 3195 neo

183 3241 292 3302 tamen
315 3240 353 3302 ut
377 3235 488 3301 statim
511 3240 616 3302 totum
639 3234 822 3302 reiciamus.
1336 3320 1339 3326 .

274 3342 328 3410 Ad
343 3342 530 3429 Bithyniam
547 3344 614 3427 (vel
629 3340 782 3429 Mysiam)
799 3344 940 3410 Rhesum
955 3346 1053 3410 refert
1071 3341 1368 3432 Parthenicum)

183 3452 240 3538 qui
262 3450 487 3534 Arganthones
512 3470 586 3516 eum
609 3456 786 3515 amatorem
809 3452 902 3531 facit;
937 3453 1079 3536 pertinet
1107 3458 1218 3520 autem
1241 3454 1368 3535 Argan-

183 3558 280 3626 thone
305 3557 345 3623 ad
369 3561 510 3622 montem
533 3575 634 3644 prope
658 3555 752 3621 Cium
775 3557 929 3644 oppidum
954 3560 1065 3628 situm.

183 3797 305 3866 Eumolpi
332 3800 409 3866 partu
436 3795 506 3864 apud
537 3795 604 3864 dpd.
628 3811 660 3848 ex
684 3796 746 3850 llur.
764 3797 887 3851 Erechth.
930 3815 953 3852 r.
973 3816 999 3867 p.
1021 3799 1062 3853 17.
1092 3825 1125 3836 -
1154 3791 1200 3863 ³⁰⁸)
1229 3799 1314 3853 Hom.
1344 3797 1373 3852 M

95 3956 97 3962 Ι
186 3886 217 3939 Π
239 3882 321 3952 [unde
341 3887 404 3940 Hes.
424 3886 523 3954 Theog.
542 3884 668 3939 337—45
687 3882 856 3955 compilavit}
882 3914 915 3923 -
939 3881 986 3954 ³⁰⁹)
1006 3890 1141 3942 Demetr.
1161 3889 1268 3959 Sceps.
1287 3890 1318 3943 Ir.
1333 3889 1368 3942 29

111 4020 117 4028 .
185 3974 294 4042 (Gaede)
315 3994 357 4045 ap.
398 3977 499 4032 Strab.
519 3976 582 4030 XIII
603 3976 627 4043 l,
646 3975 690 4043 44,
709 3993 735 4044 p.
752 3976 813 4030 602.
833 3979 848 4029 ὁ
867 3978 916 4042 μὲν
931 3973 1027 4045 Ῥῆσος
1046 3980 1168 4044 ποταμὸς
1187 3985 1230 4033 νῦν
1249 3980 1368 4033 καλεῖται

181 4063 309 4136 Ῥοείτης,
329 4067 354 4119 ελ
371 4067 411 4137 μὴ
430 4063 485 4136 ἄρα
504 4068 519 4119 ὁ
540 4066 580 4125 είς
598 4067 644 4119 τὸν
658 4064 785 4135 Γράνικον
805 4067 949 4133 ἐμβάλλων
964 4064 1058 4135 Ῥῆσός
1077 4069 1153 4123 ἐστιν.
1174 4096 1207 4107 -
1220 4063 1266 4135 ³¹⁰)
1285 4071 1367 4123 Plin.

183 4173 210 4210 n.
230 4157 255 4208 h.
275 4157 308 4223 V,
330 4156 381 4210 124
401 4157 522 4219 „Rhesus
541 4161 591 4210 etc.
612 4194 639 4210 ..
658 4158 770 4225 vestigio
787 4172 843 4210 non
861 4157 975 4212 hobent“
995 4162 1087 4212 contra
1106 4160 1151 4227 VI,
1163 4161 1193 4213 4:
1213 4176 1229 4212 c
1246 4160 1367 4214 faucibus

185 4244 298 4313 Bospori
327 4250 367 4299 est
395 4246 480 4300 amnis
499 4246 613 4314 Rhebas,
633 4262 710 4315 quem
729 4247 833 4315 aliqui
852 4248 967 4302 Rhesum
987 4248 1149 4304 dixerunt.
1170 4275 1204 4285 -
1224 4243 1270 4316 311)
1291 4252 1366 4304 Por·

184 4338 270 4390 then.
289 4352 357 4389 narr.
377 4340 454 4390 cmct.
468 4335 511 4391 36.
531 4363 565 4374 -
586 4329 632 4402 ³¹²)
652 4337 755 4391 Streb.
776 4336 847 4402 XIII,
862 4339 885 4406 l,
900 4339 931 4392 21
952 4357 978 4409 p.
993 4339 1054 4394 590.
1068 4368 1101 4378 —
1122 4334 1168 4405 313)
1189 4335 1274 4406 [Ilua]
1288 4340 1367 4394 Bhes.

186 4421 295 4493 959I60.
315 4451 348 4462 -
378 4419 424 4491 ³¹⁴)
445 4427 594 4494 Polyaen.
614 4426 659 4490 VI,
679 4426 776 4507 534—
797 4420 844 4492 ³¹⁶)
864 4429 930 4482 Vide
949 4430 982 4483 de
1002 4447 1034 4484 ea
1051 4447 1078 4498 p.
1092 4428 1134 4482 53.
1163 4455 1195 4465 -
1226 4423 1272 4496 316)
1292 4430 1366 4483 Pcr-
