3136 5078
832 313 881 376 240

353 505 399 571 At
422 506 523 591 siquis
548 502 764 590 Thucydidem
788 505 822 571 in
847 505 1038 587 gravissimo
1068 525 1176 572 errore
1200 503 1449 590 deprehendisse

264 632 299 678 se
322 612 434 694 credit,
469 613 503 678 id
537 612 624 698 quod
651 613 686 678 in
712 611 772 679 tali
799 614 868 679 viro
891 633 1019 699 semper
1047 612 1176 692 dolebit,
1212 613 1347 698 probare
1375 632 1450 678 eum

264 725 401 806 oportet,
432 721 549 806 quibus
581 725 614 787 et
644 741 740 806 qnam
770 721 969 804 gravissimis
998 720 1037 787 de
1068 723 1176 788 causis
1205 741 1294 789 error
1317 721 1360 786 sit
1384 723 1450 784 sta

192 833 193 836 ’
263 828 411 895 tuendus.
458 828 526 905 Iam
548 850 622 899 vero
646 849 728 915 quas
751 829 813 895 hoe
840 831 911 897 loco
939 831 1021 897 istae
1050 842 1125 897 sunt
1148 830 1285 897 causae?
1333 827 1450 894 Utrum
1527 844 1531 851 ·

264 936 350 1021 quod
372 937 528 1003 luscinias
556 956 731 1020 cognomen
760 937 844 1004 illud
877 956 952 1004 non
981 939 1108 1004 solum
1138 937 1299 1005 aDaulia
1321 934 1447 1023 oppido,

265 1042 442 1111 sedetiam
469 1044 625 1110 οδαῦλον
653 1045 675 1110 i.
700 1065 729 1110 e.
758 1045 837 1111 δασὺ
872 1045 1011 1111 derivari
1045 1049 1192 1131 potest,
1228 1066 1268 1111 an
1299 1045 1375 1130 quia
1401 1042 1451 1107 vir

264 1150 378 1217 doctus
401 1190 444 1200 -
467 1171 547 1238 pace
576 1153 648 1219 eius
677 1150 814 1218 dixerim
840 1190 885 1201 -
913 1152 1022 1218 omnia
1055 1154 1249 1238 optimorum
1285 1155 1450 1218 auctorum

263 1260 463 1341 testimonia,
499 1261 556 1346 qui
584 1258 723 1327 Thraces
751 1261 785 1326 in
813 1259 950 1328 Graecia
978 1261 1081 1327 fuisse
1111 1261 1258 1347 probant,
1294 1259 1336 1326 ad
1358 1279 1451 1327 suam

265 1367 456 1434 sententiam
482 1368 721 1434 confirmandam
745 1388 762 1434 e
786 1366 892 1434 medic
916 1367 1030 1435 tollere
1054 1367 1255 1452 studotr1⁵1)

352 1476 402 1540 Ac
425 1480 595 1561 poetarum
617 1475 746 1561 quidem
771 1495 891 1558 eorum,
917 1495 1054 1562 quorum
1079 1475 1280 1560 Thucydides
1303 1475 1450 1541 testimo·

263 1584 317 1649 nio
352 1585 456 1649 utitur
491 1583 532 1649 ad
562 1584 724 1665 uolgarem
761 1583 903 1668 aliquam
939 1583 1122 1668 opinionem
1157 1582 1374 1663 refutandam,
1410 1581 1450 1648 de
1499 1616 1500 1620 =

263 1692 389 1758 nemine
432 1692 499 1757 iam
529 1694 616 1757 certo
646 1689 852 1777 constat.¹⁵²)
912 1689 1005 1767 Quod
1041 1689 1083 1756 ad
1111 1695 1224 1775 postas
1253 1690 1450 1774 provocavit,

265 1801 380 1866 murum
403 1800 545 1886 profecto
569 1803 667 1880 esset,
691 1799 720 1864 si
743 1817 888 1865 summus
911 1803 1016 1883 poeta,
1040 1798 1130 1863 cuius
1152 1797 1349 1879 tragoediam
1366 1795 1451 1863 Thu·

265 1907 395 1995 cydides
416 1907 564 1990 ignorare
579 1906 635 1971 vix
657 1907 776 1991 potuit,
799 1905 936 1972 eundem
960 1906 1054 1971 illum
1071 1925 1211 1972 errorem
1227 1906 1450 1973 commisisset.

262 2017 315 2082 Ex
331 2013 528 2099 Thucydidis
551 2014 651 2095 igitur
666 2014 736 2079 loco
752 2012 835 2089 veri
859 2014 991 2079 simile
1008 2018 1067 2095 est,
1093 2011 1284 2098 Sophoclem
1300 2013 1452 2080 Dauham
1469 2004 1564 2133 '1⁵⁰⁴

126 2208 129 2216 Ι
264 2125 396 2190 finxisse
413 2120 507 2203 Terei
530 2121 680 2206 patriam.
719 2118 879 2202 Posteros,
916 2140 989 2185 cum
1013 2119 1053 2186 de
1082 2119 1258 2187 Thracibus
1293 2120 1451 2205 audirent,

264 2232 383 2298 Haemi
406 2234 438 2296 et
454 2215 634 2313 Rhodopes,
660 2225 839 2312 Strymonis
863 2231 895 2293 et
910 2225 1011 2293 Hebri
1036 2247 1163 2313 semper
1185 2230 1372 2295 meminisse
1381 2250 1452 2297 non

264 2340 383 2404 mirum
407 2339 467 2402 est.
995 2389 997 2393 Α

354 2446 463 2530 Ipsam
485 2462 561 2508 vero
584 2443 726 2509 fabulam
750 2462 770 2508 a
793 2441 952 2529 Sophocle
979 2441 1348 2537 Bswhi„„..f.0⁸i9„r0i2m
1375 2446 1454 2528 fingi

142 2556 243 2679 pitis
264 2555 414 2621 vidimus.
461 2548 514 2617 Ad
551 2548 718 2636 Sophochs
754 2548 893 2616 Tereum
928 2534 1138 2617 alludii'e'‘''et
1175 2549 1257 2616 illud
1284 2550 1452 2639 Euripidis

264 2663 404 2729 videtur:
417 2659 475 2745 153)

1108 2749 1292 2834 μονοτέκνου

472 2856 616 2946 Πρόκνης
639 2855 732 2942 φόνον
756 2854 820 2944 ἔχω
843 2856 927 2928 λέξαι
951 2853 1105 2940 θυόμενον
1131 2855 1277 2933 Μούσαις.

358 2980 560 3073 θύεσθαι)οϊ
591 2979 789 3058 coenosam
816 2978 961 3044 divinum
995 2980 1087 3045 illum
1116 2980 1256 3046 imorem
1291 2982 1452 3067 pertinent
1520 3059 1526 3066 ι

157 3120 168 3147 ι
264 3111 338 3157 cum
360 3088 477 3154 Bacchi
500 3088 594 3154 festis
617 3087 831 3168 coniunctum,
856 3107 993 3173 quorum
1010 3091 1044 3153 et
1069 3085 1182 3154 Musas
1210 3092 1336 3174 partem
1352 3087 1452 3154 habu-

264 3200 328 3265 isse
353 3200 450 3282 poeta
474 3194 642 3277 significat,
667 3195 799 3261 minime
828 3195 888 3260 hoc
912 3195 1042 3281 quidem
1065 3195 1194 3274 mirum,
1218 3214 1292 3261 oum
1315 3194 1454 3282 Delphis

263 3307 405 3373 maxime
428 3302 595 3369 Musarum
619 3307 653 3370 et
676 3301 794 3370 Bacchi
817 3304 941 3370 cultum
964 3303 1168 3369 coniunctum
1197 3303 1298 3369 fuisse
1321 3322 1453 3388 accepe-

264 3410 445 3498 rimus.1⁵4)
491 3410 558 3477 lam
581 3430 656 3476 vero
680 3409 863 3491 videamus,
896 3429 978 3494 quae
1006 3407 1064 3472 illa
1085 3409 1207 3474 fuerint
1235 3411 1452 3495 „sacratric-

263 3521 366 3587 terioa
388 3517 539 3583 Bacchi“.
587 3513 669 3582 Esse
693 3515 752 3581 hos
775 3518 876 3582 festos
901 3514 987 3601 apud
1011 3516 1167 3600 plurimas
1192 3513 1347 3581 Graeciae
1373 3515 1452 3580 civi-

264 3630 347 3692 tates
387 3622 560 3689 simillimis
602 3622 805 3688 caerimoniis
841 3621 1018 3688 celebratos
1053 3620 1121 3688 Ad.
1154 3620 1263 3708 Rapp
1300 3621 1451 3704 ostendit,

264 3732 414 3817 idemque
454 3728 533 3795 satis
573 3728 780 3815 probabiliter
819 3728 861 3795 ad
898 3726 1068 3797 Thraciam
1106 3730 1268 3796 revocavit
1306 3729 1451 3814 stirpem.

265 3840 370 3917 Quare
405 3838 563 3923 optimum
602 3837 666 3902 erit
699 3838 885 3923 exemplum
923 3837 998 3902 festi
1034 3835 1247 3918 Orchomenii,
1286 3840 1320 3902 et
1356 3837 1452 3903 huius

268 4047 300 4056 -
333 4013 377 4085 ¹⁵¹)
397 4022 420 4074 A
441 4019 597 4088 Thucydide
625 4020 744 4088 pendent
771 4019 863 4073 saltem
883 4023 1008 4086 exparte
1036 4018 1143 4073 Strab.
1173 4017 1454 4088 V11,7,1,p.3al,

267 4109 317 4176 111,
336 4108 363 4175 3,
383 4109 416 4163 13
435 4127 462 4176 p·
481 4107 545 4162 423.
587 4109 680 4162 Paua.
699 4108 735 4172 X,
754 4109 782 4176 4,
802 4107 817 4160 6
838 4105 893 4175 (8);
923 4103 1044 4174 [fortasse
1070 4109 1148 4162 etiam
1168 4105 1279 4163 Conon
1306 4123 1375 4161 narr.
1404 4105 1452 4175 31]

266 4214 425 4267 quamquam
450 4199 502 4255 alia
526 4213 629 4267 quoque
661 4199 740 4252 variis
772 4214 786 4251 e
817 4198 910 4251 rivulis
942 4198 1062 4252 hausisse
1093 4197 1224 4251 ridentur.
1256 4214 1280 4250 r.
1312 4176 1453 4297 inirapssl

268 4280 312 4354 ¹⁵T)
334 4287 498 4355 Quamquam
512 4287 624 4341 Romani
637 4285 672 4352 (r.
686 4287 796 4341 Classen
809 4288 843 4340 ad
857 4287 938 4340 Thur.
952 4285 1051 4351 locum)
1071 4285 1264 4340 Alexandrinos
1277 4291 1347 4339 certo
1360 4293 1452 4354 poetas

267 4378 353 4431 secuti
373 4381 444 4430 sunt.
472 4403 507 4413 -
538 4370 584 4443 l⁵³)
602 4377 674 4430 Eur.
693 4377 771 4431 Herc.
792 4369 902 4444 malla.
930 4402 964 4412 -
996 4370 1040 4443 ¹⁵⁴)
1061 4376 1090 4429 0.
1111 4376 1250 4430 llusller
1278 4375 1453 4429 Orchomenos
