3136 5078
771 287 812 349 29

196 479 258 546 Est
280 479 380 561 igitur
395 477 576 564 Eumolpus
599 499 661 544 non
687 479 797 546 solus
819 499 890 564 per
914 499 954 546 se
978 483 1110 567 propter
1133 500 1242 546 suum
1266 501 1384 547 nomen

197 592 298 668 vates,
323 586 379 652 sed
402 587 478 672 quia
500 585 759 672 Eumolpidae
783 587 880 652 etiam
904 591 1051 652 oantores
1082 588 1226 670 fuerunt,
1262 589 1301 654 ab
1332 589 1383 655 his

70 675 74 683 ’
197 694 319 781 aliquid
349 692 389 758 ad
419 714 493 760 eum
521 693 723 759 redundavit.
778 692 872 759 Certe
906 695 976 759 fieri
1010 695 1162 760 facillime
1196 697 1311 780 potuit,
1347 701 1384 761 ut

196 801 408 886 Eumolpidae
430 801 522 866 heroi
546 821 603 867 suo
628 820 667 866 ea
690 801 841 882 earmina,
867 802 1051 887 quaeipsis
1076 801 1219 867 canenda
1241 802 1381 884 fuerunt,

196 914 233 978 ut
254 909 377 974 auetori
398 908 592 988 tribuerent;
624 905 710 993 quod
738 907 768 973 si
797 908 896 974 semel
920 909 1037 974 fautum
1063 912 1140 986 erat,
1169 913 1202 975 et
1224 910 1289 975 alia
1313 929 1382 975 oar-

195 1018 292 1098 mina,
310 1035 392 1101 qnae
405 1015 447 1080 ad
459 1013 585 1081 Cereris
598 1015 752 1098 mysteria
764 1015 979 1100 pertinebant,
997 1016 1057 1081 sub
1070 1017 1138 1082 eins
1154 1017 1282 1082 nemine
1296 1017 1383 1083 edita
1408 1065 1410 1070 -

194 1124 255 1204 vel,
280 1143 353 1189 oum
375 1121 496 1188 iamdiu
517 1125 594 1186 nota
616 1126 733 1203 essent,
758 1122 799 1187 ad
818 1143 892 1188 enm
909 1121 1016 1187 delata
1034 1142 1105 1188 esse
1127 1123 1248 1191 nemini
1264 1124 1381 1188 mirum

195 1231 264 1296 erit.
312 1229 420 1316 Atque
450 1228 609 1294 eiusmodi
641 1232 716 1293 sunt
739 1229 790 1295 vel
819 1230 960 1314 plurima
988 1249 1029 1295 ex
1054 1227 1198 1295 Suidae
1223 1231 1379 1313 eatalog0,

194 1339 250 1404 ubi
279 1337 448 1421 scripsisse
485 1334 602 1400 dieitur
630 1335 808 1421 Eumolpus
838 1338 964 1428 τελετὰς
973 1338 1155 1427 Δήμηῃοος
1182 1340 1232 1401 καὶ
1260 1339 1314 1426 τὴν
1338 1341 1382 1415 εἰς

71 1467 72 1471 ’
196 1448 311 1511 Κελεὸν
324 1444 425 1530 ἄφιξιν
441 1441 500 1507 καὶ
514 1445 567 1532 τὴν
584 1448 646 1509 τῶν
657 1445 837 1533 μυστηριων
853 1445 1074 1533 παράδοσιν
1043 1469 1097 1534 την
1109 1451 1175 1523 ταῖς
1191 1445 1381 1534 θυγατράσιν

194 1554 289 1616 αὐτοῦ
326 1551 507 1639 γενομένην,
544 1549 603 1639 ἔπη
632 1552 671 1614 τὰ
694 1553 795 1616 πάντα
816 1553 980 1673 rptqr'lru.
1029 1551 1241 1638 Quamquam,
1271 1554 1422 1653 qualia
1464 1560 1524 1644 f?

193 1659 272 1723 haee
296 1659 403 1723 omnia
424 1658 553 1739 fuerint,
583 1659 639 1723 vix
663 1659 776 1744 opinor
799 1660 946 1743 ouiquam
972 1660 1034 1725 erit
1020 1659 1201 1728 tdubium:
1241 1661 1426 1746 Orphica
1415 1611 1568 1705 ‘Eds

194 1767 465 1859 fuerefigmenta.
512 1765 624 1831 Aede
648 1765 787 1852 Orphieo
811 1765 970 1852 Eumolpo
999 1788 1098 1853 supra
1120 1768 1274 1848 vidimus3
1306 1769 1380 1834 hino

194 1874 340 1954 efficitur,
364 1871 632 1959 Eumolpidarum
656 1873 762 1955 gentis
787 1871 951 1939 auctorem
972 1874 1011 1940 ab
1028 1874 1176 1960 Orphiois
1192 1876 1285 1942 faeile
1310 1878 1379 1942 vin-

194 1981 373 2046 diearit
316 1985 373 2067 pot
373 1981 476 2062 uisse,
506 2001 610 2066 neque
638 1980 736 2048 ullam
768 1982 865 2047 aliam
890 1981 1022 2068 Orphioi
1045 1981 1198 2068 Eumolpi
1222 1984 1378 2066 originem

193 2087 422 2172 anquirendum
448 2108 530 2155 esse.
937 2143 938 2146 ,

281 2193 448 2261 lamvero
473 2196 568 2262 etad
598 2196 711 2282 hymni
741 2197 834 2262 illum
857 2196 1054 2283 Eumolpum
1083 2203 1193 2264 nostra
1219 2199 1379 2284 interpre-

190 2305 271 2369 tatio
313 2302 457 2389 quadrat.
515 2301 626 2370 Reioio
663 2324 740 2370 sane
776 2305 1007 2388 coniecturam,
1052 2304 1213 2372 Welokeri
1254 2307 1376 2392 opinor,

192 2415 341 2494 quattuor
364 2409 602 2489 Eleusiniorum
625 2431 718 2494 reges
742 2431 814 2476 oum
839 2416 992 2496 quattuor
1019 2414 1133 2498 primis
1157 2414 1377 2480 sacerdotibus

190 2515 402 2603 hierophanta
426 2515 581 2597 daduoho,
607 2535 716 2601 oeryoe
741 2525 786 2605 τῷ
814 2520 863 2583 ἐπὶ
891 2519 997 2606 βωμῷ
1023 2520 1260 2602 coniungendas
1289 2542 1376 2601 esse3

191 2622 248 2689 sed
271 2627 346 2688 ante
368 2620 572 2688 Eleusinium
600 2622 737 2706 bellum,
770 2643 843 2689 oum
867 2624 1024 2691 Eleusinii
1060 2627 1223 2714 αὐτόνομοι
1259 2635 1375 2706 essent,

189 2750 294 2796 nonne
322 2749 357 2796 re
385 2750 462 2795 vera
496 2731 713 2816 polossuprleir
747 2751 818 2797 esse
853 2737 1030 2817 potuerunt
1055 2732 1285 2821 Eumolpidae,
1321 2737 1376 2821 qui

189 2839 274 2921 regis
298 2841 490 2923 potestatem
515 2824 749 2904 coniunxerunt
772 2858 845 2904 oum
870 2839 1083 2930 sacerdotali?
1131 2840 1208 2907 Veri
1237 2843 1376 2910 similius

188 2944 248 3010 hoo
270 2949 368 3026 eerte
393 2965 490 3031 quam
513 2965 645 3031 prorsus
669 2946 765 3011 aliam
787 2951 857 3012 tum
874 2947 1024 3034 Eumolpi
1048 2949 1220 3032 imaginem
1244 2952 1375 3033 fingere,

188 3053 375 3136 praesertim
401 3072 475 3117 eum
490 3053 556 3118 iam
571 3054 605 3118 in
627 3053 757 3139 hymno,
782 3056 838 3140 qui
859 3075 970 3122 omnes
994 3061 1121 3141 praeter
1138 3054 1266 3123 Celeum
1292 3059 1376 3125 eius-

188 3176 249 3241 que
275 3155 402 3222 domum
440 3158 543 3223 obiter
566 3163 691 3224 tantum
715 3166 956 3243 commemorat,
991 3165 1147 3248 mysteria
1171 3184 1190 3229 a
1214 3164 1275 3233 dea
1309 3187 1376 3233 una

189 3282 261 3329 oum
285 3263 417 3346 collegis
443 3266 611 3350 adceperit.

278 3369 344 3438 Sed
367 3372 477 3458 quinto
512 3375 641 3440 saeoulo
676 3374 791 3439 saltem
820 3375 912 3442 nobis
947 3377 1087 3462 primum
1116 3378 1253 3444 oeourrit
1280 3379 1374 3445 fortis

187 3479 324 3546 bellator
347 3482 380 3544 et
402 3478 512 3561 magni
524 3480 684 3547 exereitus
709 3479 785 3562 dux,
808 3480 959 3566 nondum,
983 3483 1047 3548 nisi
1071 3484 1157 3569 apud
1173 3484 1373 3572 Euripidem,

188 3584 305 3653 Thrax.
367 3588 476 3674 Atque
512 3589 651 3654 ooourrit
684 3590 717 3654 in
751 3589 871 3656 fabulis
907 3591 1042 3674 Atticis,
1081 3613 1146 3659 non
1185 3592 1372 3661 Eleusiniis.

187 3691 371 3760 Notandum
395 3699 446 3761 est
464 3715 529 3762 non
546 3695 741 3783 Triptolemo
764 3701 821 3763 aut
806 3696 952 3764 tDiooli
976 3703 1033 3765 ant
1059 3698 1154 3767 Oeleo
1178 3701 1238 3769 has
1260 3708 1374 3789 partes

187 3801 357 3868 attributas
388 3823 477 3884 esse,
514 3804 572 3871 sed
599 3803 767 3892 Eumolpo.
827 3803 983 3873 Causas
967 3808 1068 3875 fuisse
1073 3813 1202 3897 potest
1235 3811 1375 3896 (ineerta

186 3907 266 3973 haee
288 3910 394 3975 omnia
423 3931 496 3978 esse
531 3913 602 3998 ipse
630 3933 694 3979 non
729 3914 857 3999 ignoro)
892 3886 1265 4003 quodEurholpidarum
1295 3937 1373 4001 gens

187 4014 256 4081 sola
289 4017 411 4082 mansit
445 4039 482 4085 ao
517 4021 633 4086 saltem
666 4021 898 4088 sacerdotalem
934 4023 1068 4089 retinuit
1101 4024 1293 4109 potentiam,
1325 4029 1371 4109 ut,

186 4141 260 4188 eum
281 4123 410 4192 fabulae
427 4124 467 4192 de
490 4125 575 4194 bello
591 4133 767 4206 orerentur,
793 4127 893 4194 dux
883 4149 948 4195 ram
968 4129 1074 4196 nullus
1098 4129 1258 4200 idoneus
1248 4134 1372 4199 inveni-

185 4270 401 4281 ...ι-

184 4357 240 4413 fere
260 4359 312 4415 269
331 4376 347 4414 a
366 4361 487 4430 Dexippo
515 4363 639 4420 historico
668 4366 787 4434 repulsos
817 4381 875 4420 esse
894 4371 1005 4422 constat.
1025 4394 1059 4404 -
1081 4362 1126 4434 ¹¹³)
1146 4368 1267 4424 Gisslre
1286 4370 1370 4424 thralr.
