3136 5078
762 345 802 406 21

190 541 332 602 attamen
356 536 390 600 iu
413 535 488 601 lone
511 534 684 622 Euripides
706 536 753 600 ita
774 555 842 600 rem
865 535 1064 601 intellexisse
1087 535 1222 601 videtur.
1269 534 1374 612 Quae-

189 645 273 709 ritur
294 643 358 709 ianr
383 642 422 710 de
446 640 656 725 ‚Erechtheot
711 640 812 707 Extat
826 662 901 709 vero
923 663 965 708 ex
987 642 1047 708 hac
1068 642 1237 725 tragoedia
1260 644 1373 726 oratio,

190 770 255 836 qua
289 751 373 816 filins
397 771 417 816 a
439 754 531 836 patre
554 750 594 815 do
616 750 772 836 principis
801 750 942 816 maxime
972 750 1085 816 officiis
1121 749 1322 818 admonetur.
1331 749 1373 836 7ὕ)

189 857 239 922 Ao
261 856 474 944 pulcherrime
496 857 589 922 finxit
611 855 883 943 Welckerus⁷⁶)
913 857 993 924 haec
1021 858 1138 924 ultima
1160 857 1374 925 esseErech-

190 965 258 1031 thei
293 965 407 1045 verba3
437 966 472 1030 in
503 966 577 1050 ipsa
605 985 729 1047 scaena,
766 985 829 1050 quo
864 966 955 1048 gravi
983 966 1110 1031 voluere
1134 969 1263 1033 saucius
1286 972 1375 1033 esset

189 1077 347 1159 portatus,
363 1074 473 1139 statim
491 1073 549 1138 ubi
565 1073 634 1138 suis
651 1071 870 1154 valedixisset,
886 1073 1027 1138 animam
1044 1092 1117 1138 eum
1132 1071 1373 1161 exspirassc.⁷⁷)

188 1178 316 1262 Dignus
340 1184 390 1246 est
413 1180 568 1245 orationis
592 1180 682 1245 finis:

350 1287 414 1352 ἀλλ’
444 1286 471 1350 ὦ
497 1286 600 1352 τέκνον
623 1311 676 1372 μοι
698 1287 753 1364 δὸς
772 1287 854 1375 χέρ’,
879 1289 924 1363 ὡς
946 1286 1020 1375 dirp
1044 1289 1158 1376 πατήρ,

350 1396 400 1458 καὶ
419 1391 523 1482 χαῖρ’·
548 1392 594 1458 ὑπ)
624 1394 730 1471 αἰδοῦς
752 1394 835 1459 δὀὐ
858 1395 940 1460 λίαν
963 1395 1197 1481 ἀσπάζομαι·

349 1501 561 1588 γυναικόφρων
584 1502 646 1589 γὰρ
671 1501 772 1588 θυμὸς
795 1501 910 1589 ἀνδρὸς
932 1504 968 1567 od
993 1505 1103 1589 σοφοῦ.

188 1608 234 1673 At
268 1607 405 1674 coniecit
437 1605 477 1673 U.
513 1606 557 1675 de
592 1605 1244 1692 Wilamowitzdloellendorft,⁷⁸)
1280 1609 1375 1673 finem

188 1713 315 1778 fabulae
338 1715 439 1781 fuisse
457 1713 632 1780 Erechthei
655 1715 689 1779 iu
713 1734 851 1796 anguem
874 1716 1171 1796 commutationem
1196 1735 1266 1783 csse
1289 1716 1376 1780 enim

189 1819 285 1886 verba
307 1822 478 1904 fragmenti
500 1820 667 1906 Euripidei
691 1824 757 1888 922
781 1820 928 1907 (Nauck)
959 1842 980 1887 a
1003 1822 1176 1889 scholiasta
1197 1821 1375 1906 Hermoge-

188 1928 283 1992 niano
317 1948 424 1994 errore
458 1933 586 1994 tantum
615 1927 747 2014 Cecropi
781 1929 901 1995 tributa
936 1929 1023 2014 (cum
1057 1929 1127 2015 ipse
1155 1927 1374 2013 Hermogenes

188 2035 377 2121 simpliciter
391 2034 558 2121 Euripidis
581 2055 653 2101 esse
679 2034 788 2121 dicat).
829 2034 883 2102 Sic
907 2036 1061 2102 orationis
1087 2037 1247 2103 conclusio
1271 2040 1374 2103 esset:

402 2142 493 2229 οἴμοι,
518 2142 644 2230 δράκων
667 2167 719 2229 μοι
743 2143 876 2226 γίγνεται
899 2145 933 2207 τὸ
956 2143 1059 2232 ἥμισυ·

402 2251 516 2321 τέκνον,
540 2249 802 2340 περιπλάκηθι.
819 2255 872 2336 τῷ
894 2253 1012 2338 λοιπῷ
1032 2251 1155 2339 πατρί.

185 2357 248 2425 Sed
283 2362 437 2444 quantum
474 2358 573 2424 distat
607 2358 666 2424 hoo
700 2357 741 2424 ab
782 2358 853 2423 illo!
901 2357 948 2424 lbi
983 2360 1146 2440 egregium
1177 2357 1375 2424 admiramur

187 2464 329 2532 Graecae
374 2464 463 2529 illius
510 2464 715 2554 σωφροσύνης
760 2464 1003 2547 documentum,
1050 2463 1183 2549 dignum
1229 2466 1372 2551 profecto

186 2569 382 2650 Erechtheo,
418 2570 474 2656 qui
502 2590 560 2656 pro
588 2572 695 2657 patria
722 2576 858 2635 mortem
887 2570 984 2652 obiit;
1023 2591 1095 2637 cum
1123 2572 1184 2638 hoo
1212 2573 1372 2658 posterius

187 2677 325 2744 debilem
347 2679 457 2765 potius
482 2696 592 2743 senem
607 2677 759 2760 redoleat,
784 2677 874 2743 uelut
890 2677 1046 2744 Cadmum
1061 2679 1129 2765 (cui
1141 2678 1373 2746 Valkcnaerius
1401 2745 1415 2755 ,,

185 2787 282 2852 verba
305 2786 443 2872 tribuit).
479 2784 591 2851 Potest
613 2805 691 2850 sane
715 2805 767 2851 res
788 2786 838 2851 ita
861 2786 1028 2871 explicari,
1051 2790 1089 2852 ut
1110 2784 1186 2852 illa
1200 2784 1374 2852 Erechthei

184 2895 219 2960 in
234 2914 375 2981 pugnam
392 2893 556 2975 exeuntis,
584 2892 678 2959 haec
705 2892 832 2959 reducis
855 2912 893 2958 ac
915 2893 1082 2960 morientis
1104 2893 1205 2960 uerba
1226 2913 1297 2959 esse
1320 2895 1373 2959 co-

184 3003 331 3084 niciatur‚
356 3005 393 3067 ut
415 3019 455 3066 ne
480 2999 615 3066 alterum
637 3001 854 3084 fragmentum
878 3001 977 3088 (364)
1006 3001 1139 3067 alterum
1165 3001 1275 3067 statim
1300 3020 1374 3066 con-

186 3111 340 3191 sequatur
363 3109 479 3191 (922),
516 3106 549 3171 id
572 3105 657 3190 quod
679 3109 762 3173 terri
784 3127 849 3173 nou
872 3113 1000 3195 posset;
1040 3107 1097 3175 sed
1122 3110 1264 3195 optimus
1288 3112 1373 3175 certe

185 3213 302 3298 prioris
325 3213 497 3294 fragmenti
525 3213 615 3281 locus
638 3213 684 3278 ist
707 3220 771 3295 est,
801 3233 894 3299 quem
919 3211 1108 3281 Welckerus
1132 3215 1162 3281 ei
1185 3214 1373 3298 assignarit.

188 3316 292 3395 Quare
316 3316 554 3385 Wilamowitzii
586 3320 765 3405 speciosam
793 3325 878 3386 certe
908 3321 1125 3387 coniecturam
1149 3323 1240 3407 sequi
1262 3310 1373 3389 nolim.

275 3423 340 3491 Sed
364 3425 435 3510 quis
459 3427 491 3491 in
514 3431 625 3493 nostra
646 3425 757 3492 fabula
780 3427 895 3493 occidit
909 3425 1146 3494 Erechtheum?
1177 3427 1264 3495 Num
1287 3427 1375 3494 idem

185 3533 297 3618 quiin
320 3530 414 3614 Jonc,
437 3532 629 3619 Neptunus?
658 3533 705 3599 At
727 3537 815 3600 esset
829 3532 909 3600 haec
929 3538 1015 3600 certe
1032 3535 1065 3601 in
1088 3533 1265 3618 tragoedia,
1291 3554 1374 3622 quae

184 3645 253 3706 tota
275 3639 310 3705 in
331 3636 502 3706 Erechthei
522 3639 618 3706 laude
642 3645 800 3722 versatur,
824 3642 915 3708 cuius
938 3661 1056 3724 magno
1079 3643 1187 3709 animo
1210 3640 1376 3709 fortitudi-

186 3766 289 3832 neque
317 3747 424 3834 patria
451 3769 471 3814 a
494 3746 640 3814 barbaris
669 3748 712 3814 sit
739 3748 889 3832 liberata,
925 3750 1031 3816 miuus
1060 3749 1178 3816 idonea
1200 3749 1373 3817 conclusio.

185 3851 256 3936 Hic,
281 3856 409 3921 etiamsi
439 3859 508 3922 erat
535 3853 708 3936 traditum,
744 3860 870 3921 mutare
893 3854 1084 3942 Euripidem
1113 3875 1215 3942 prope
1242 3875 1374 3923 necesse

182 3962 260 4041 fuit}
294 3982 397 4047 neque
421 3966 454 4027 et
487 3962 569 4026 alias
591 3962 644 4026 vel
678 3962 827 4044 graviora
855 3981 973 4029 novare
1004 3960 1177 4049 Euripides
1205 3959 1373 4028 dubitavit.

184 4145 201 4196 l.
221 4144 239 4196 l.
261 4140 430 4202 Ποσειδῶνος
449 4143 481 4196 δὲ
504 4143 548 4196 καὶ
568 4143 614 4197 τὸν
629 4139 761 4216 Ἐρεχθέα
780 4144 824 4196 καὶ
844 4145 892 4215 τὴν
908 4145 995 4198 οἰκίαν
1014 4145 1099 4197 αὐτοῦ
1118 4143 1333 4205 καταλύσαντος.
1373 4184 1378 4194 .

185 4256 219 4269 —-
240 4226 273 4298 ⁷⁶)
293 4233 336 4286 Fr.
356 4231 418 4285 364.
443 4255 476 4269 ·-
503 4225 536 4298 ⁷⁸)
557 4232 704 4288 Welclrar
722 4233 742 4285 l.
761 4234 780 4285 l.
799 4249 825 4301 p.
846 4233 880 4286 72
898 4228 937 4302 ld.
957 4259 991 4271 -
1012 4226 1045 4298 77)
1064 4234 1095 4287 Iu
1115 4234 1177 4302 ipsa
1194 4250 1287 4303 pugna
1305 4235 1374 4291 ceci·

184 4326 255 4378 disse
265 4324 439 4377 Erechtheum
450 4323 517 4376 Pau
524 4339 545 4376 s.
558 4323 579 4389 1,
590 4322 634 4392 38,
645 4323 661 4378 3
672 4321 713 4390 (3)
725 4324 813 4390 tradit,
827 4325 902 4378 cuins
911 4326 941 4378 iu
950 4326 998 4379 hac
1007 4324 1097 4378 fabula
1107 4324 1254 4379 enarranda
1264 4324 1376 4378 auctori-

183 4420 223 4466 tas
242 4414 316 4467 nulla
334 4417 382 4466 est
408 4436 443 4451 -·
468 4405 501 4477 ⁷⁸)
521 4412 553 4466 U.
572 4413 597 4467 d.
617 4413 844 4481 wilencum,
868 4413 925 4468 hus
944 4415 1086 4481 Kydathen
1109 4431 1136 4483 p.
1158 4414 1207 4468 141
1227 4430 1256 4467 n.
1276 4412 1321 4467 63.
1341 4441 1374 4453 -
