3136 5078
761 289 803 350 71

189 479 469 566 cohaerentes‚2⁶1)
493 500 534 545 ex
558 479 652 545 Idaea
675 500 751 546 uero
768 478 913 545 Dardani
934 479 1001 544 iilia
1017 478 1166 564 Thynum
1187 484 1221 545 et
1235 479 1374 544 Marian-

190 587 382 673 dynum.‘2⁶‘-’)

278 694 329 761 Ex
353 695 510 781 Ephoro
539 695 673 760 duxisse
701 694 852 760 videntur
884 713 966 779 quae
992 692 1150 780 Scymnue
1173 693 1373 781 praebet263)

188 802 299 867 Phinei
322 823 457 885 regnum
479 802 555 869 inde
575 823 595 868 a
618 801 789 868 Parthenio
817 820 919 885 usque
950 800 991 867 ad
1014 801 1233 867 Amastridem
1261 802 1374 868 urbem

187 911 305 991 fuisse;
331 918 382 977 est
404 910 464 975 hoc
488 914 573 976 certa
597 929 743 996 parvum,
768 909 825 975 sed
848 908 990 974 notanda
1015 913 1048 976 et
1063 908 1150 996 apud
1164 909 1250 976 huno
1265 916 1374 976 aucto-

187 1038 256 1083 rem
279 1017 497 1104 Paphlagonia
520 1016 623 1082 eadee.

196 1169 198 1173 ψ
278 1125 426 1211 Denique
450 1122 743 1210 Arrhianusht)
784 1125 854 1209 ipse
888 1122 1050 1209 Bithynus
1085 1123 1232 1210 Thynum
1263 1131 1295 1191 et
1319 1124 1373 1191 Bi-

186 1233 324 1318 thynum
359 1232 529 1319 adoptatos
558 1253 577 1297 a
608 1231 741 1311 Phineo,
777 1229 1016 1316 Paphlagonem
1052 1238 1162 1298 contra
1199 1234 1375 1316 genuinum

186 1340 282 1407 huius
305 1342 406 1406 lilium
431 1341 582 1426 appellat.
607 1377 651 1389 -

279 1445 506 1534 Salmydeesus
530 1446 642 1513 Phinei
666 1445 759 1512 sedes
783 1446 896 1531 primo,
928 1449 1084 1530 quantum
1108 1448 1238 1529 ecimus,
1271 1451 1373 1515 uomi-

187 1562 284 1622 natur
306 1577 326 1621 a
349 1554 542 1641 Sophocle
571 1555 604 1620 in
634 1550 869 1638 Antigoneia)
915 1550 1029 1637 Neque
1056 1552 1133 1619 huic
1156 1556 1309 1642 Aeschyli
1334 1557 1374 1624 de

187 1664 249 1728 loci
284 1664 352 1729 situ
390 1682 513 1728 errores
521 1661 580 1749 266)
616 1665 692 1728 eunt
725 1658 918 1745 imputandi.
980 1657 1050 1726 [uro
1084 1662 1170 1728 enim
1200 1660 1373 1750 Sophoclea

187 1769 359 1837 Thracium
383 1769 467 1836 dixit
491 1759 752 1854 Salmydeaeum.'

277 1878 381 1957 Quem
404 1881 438 1943 et
461 1878 518 1942 alii
541 1876 637 1941 multi
661 1874 771 1940 Phinei
796 1873 907 1940 eedem
927 1873 1144 1960 feceruntiffl)
1180 1875 1241 1944 Est
1264 1883 1374 1945 autem,

186 2115 278 2167 λεῦσαι
297 2116 453 2183 ἱστοροῦσιν,
473 2112 531 2182 ἥτις
550 2114 606 2166 ἐστὶ
626 2114 674 2179 vic
688 2108 782 2176 Ἀσίας,
803 2112 841 2172 ῶς
853 2130 932 2182 φησιν
945 2107 1099 2170 Ἑλλάνικος.
1125 2137 1155 2146 ·-
1180 2106 1226 2178 ²⁶¹)
1240 2113 1374 2168 Parthenii

185 2220 281 2257 nornen
294 2204 515 2272 ap.schol.L.Ap.
524 2203 599 2255 Rhll
609 2202 659 2255 140
669 2202 862 2255 restituendum
874 2217 933 2254 esse
945 2201 1371 2269 certumostexsehor.11‚938.-

185 2295 278 2346 Moneo
289 2293 423 2346 Parthenii
431 2291 549 2345 fluminis
560 2286 749 2357 [nemeaea]
760 2294 788 2343 et
798 2289 931 2342 Carambis
941 2290 1116 2356 promunturii
1125 2289 1328 2359 Paphlagoniae.
1339 2320 1373 2329 -

185 2376 231 2447 ²⁶²)
252 2377 368 2449 [Sophl
388 2381 458 2449 apud
477 2381 558 2434 schol.
578 2379 629 2446 Ap.
648 2380 698 2432 Rh.
718 2379 742 2431 Π
763 2379 815 2432 140
846 2377 946 2438 Φινέως
963 2379 1061 2437 παῖδες
1080 2380 1110 2430 ἐκ
1128 2380 1178 2443 μὲν
1196 2377 1375 2453 Κλεοπάτρας

191 2469 344 2538 Παρθένιος
368 2470 413 2521 καὶ
431 2466 574 2538 Πράμβος,
604 2470 634 2520 ἐκ
662 2469 694 2520 δὲ
710 2464 810 2526 Ἰδαίας
837 2471 885 2533 τῆς
905 2466 1048 2536 Δαρδάνου
1071 2462 1174 2535 [Soph]
1204 2469 1376 2540 ἢΣκυῦικῆς

187 2577 255 2618 τινος
276 2556 445 2616 Παλλακίδος
464 2554 553 2624 [Dion.
574 2553 657 2625 Scyt]
678 2556 757 2615 θυνδς
776 2555 820 2608 καλ
833 2552 1026 2625 Μαριανδυνδς,
1047 2555 1081 2616 ἐξ
1091 2556 1127 2608 ῶν
1140 2557 1176 2610 τὰ
1188 2556 1254 2629 ἔδνη
1268 2561 1373 2632 κέκλην-

188 2667 238 2700 ται.
261 2674 291 2683 -
313 2639 361 2712 ²⁶³)
381 2647 488 2715 Scymn.
508 2646 560 2700 959
581 2665 614 2689 =
634 2647 728 2715 peripl.
747 2661 774 2714 p.
793 2645 861 2698 Eur.
883 2645 915 2698 16
935 2643 1036 2713 (Iiph.)
1059 2646 1107 2698 uhi
1125 2645 1242 2700 Phineus
1261 2650 1374 2706 Phoeni·

186 2739 224 2791 cis
244 2737 318 2805 Tyrii
335 2737 408 2790 filius
427 2737 533 2790 dicitur.
561 2761 597 2771 -
625 2728 672 2798 964)
691 2735 781 2787 Arrh.
801 2751 843 2803 ap.
863 2736 937 2787 Euat
957 2734 988 2786 D.
1008 2735 1038 2787 P.
1059 2733 1111 2786 793
1140 2733 1248 2798 (θυνοὺς
1271 2740 1315 2791 καὶ
1333 2738 1373 2793 Βι·

186 2825 297 2892 δυνοῦς)
316 2825 388 2880 υότω
408 2825 589 2891 καλουμένους
612 2825 667 2877 ἀπό
687 2843 761 2877 τινων
779 2823 906 2892 ἀδελφῶν
927 2826 1062 2893 ἐπιφανῶν
1090 2825 1170 2876 θυνοῦ
1189 2825 1233 2878 καί
1251 2825 1374 2894 Βιῦυνοῦ,

187 2917 291 2969 παίδων
314 2913 413 2975 Φινέως
432 2915 501 2968 κατὰ
521 2915 624 2985 ποίησιν
643 2912 714 2984 (ἤτοι
733 2919 850 2984 ποιητῶν
878 2914 922 2966 καὶ
945 2911 1045 2979 δετῶν)
1074 2913 1151 2967 radii
1177 2933 1257 2985 φησιν
1272 2911 1372 2988 Ἀρρια-

186 3008 239 3069 νός,
270 3007 301 3066 ὅς
320 3005 365 3058 καί
383 3005 487 3075 γνήσιον
506 3005 592 3057 παῖδα
616 3001 715 3063 Φινέως
734 3005 839 3073 ἱστορεῖ
857 3001 1032 3073 Παφλαγόνα,
1064 3003 1099 3064 ἐξ
1114 3001 1146 3055 οῦ
1161 3003 1242 3075 χώρα
1262 3003 1372 3075 Παφλα-

185 3095 268 3164 γονία.
289 3120 322 3130 -
341 3095 382 3146 Ex
401 3095 529 3146 Arrhiano
547 3092 625 3145 fluxit
647 3093 691 3146 st.
711 3093 740 3146 B.
761 3108 819 3145 av,
841 3090 1027 3163 Παφλαγονία,
1057 3094 1171 3147 fortasse
1200 3094 1279 3147 etiam
1307 3110 1329 3148 s.
1347 3112 1372 3149 v.

188 3181 326 3253 Σήσαμον
346 3182 422 3242 πόλις
436 3179 637 3250 Παφλαγονίας,
658 3183 685 3233 ἐν
703 3175 723 3253 ᾖ
741 3176 846 3252 ᾤκησεν
865 3179 1136 3251 capramolente
1155 3179 1286 3247 (Mainake
1305 3186 1373 3237 coni.

190 3271 313 3336 παλαιός,
342 3272 390 3325 aed
419 3272 485 3324 duos
514 3271 629 3324 Phineos
656 3287 672 3324 a
696 3271 853 3340 quibusdam
873 3286 932 3324 ease
951 3271 1090 3324 distinctos
1108 3271 1202 3338 probat
1221 3271 1302 3325 schol.
1321 3274 1371 3341 Ap.

188 3363 239 3414 Rh.
258 3360 290 3426 ΙΙ,
313 3357 385 3427 178),
404 3376 561 3429 quamquam
574 3362 625 3414 hoc
643 3362 672 3413 in
691 3361 850 3428 Ephorum
869 3375 973 3429 quoque
992 3357 1028 3425 (v.
1043 3357 1133 3429 cupra)
1146 3361 1292 3427 quadraret,
1311 3363 1373 3430 quia

188 3454 314 3507 Sesamus
333 3452 402 3504 idem
423 3456 465 3505 eat
483 3452 555 3519 quod
572 3459 664 3519 postea
681 3451 819 3504 Amastris.
833 3476 868 3486 -
887 3443 934 3516 ²⁶⁵)
954 3450 1048 3519 Soph.
1068 3450 1131 3504 Ant.
1151 3450 1277 3505 966-70
1296 3453 1371 3523 παρὰ

185 3543 216 3593 δὲ
237 3542 355 3594 κυανέων
373 3540 508 3594 σπιλάδων
527 3541 642 3606 διδυμὰς
660 3540 727 3600 ἁλὸς
742 3539 746 3606 Ι
763 3541 842 3594 ἀκταὶ
859 3539 1007 3611 Βοσπόριαι
1031 3541 1069 3592 ἰδ’
1090 3542 1105 3593 ό
1125 3542 1254 3611 θρηκῶν
1270 3540 1274 3607 Ι
1292 3540 1316 3594 Σ
1320 3541 1372 3595 αλ·

185 3632 367 3700 μυδησσός,
387 3633 434 3685 ubi
452 3647 580 3685 novercae
598 3631 700 3684 facinus
714 3631 882 3685 commissum
900 3635 1030 3686 narratur.
1044 3657 1078 3668 -
1093 3624 1139 3696 ²⁶⁶)
1159 3632 1272 3686 Aesch.
1285 3634 1371 3687 Prom.

185 3718 310 3773 inl-5.
358 3720 530 3774 Prometheus
558 3721 649 3774 Ionem
677 3721 834 3774 vaticinatur
861 3720 895 3773 ad
913 3721 1058 3775 Amazones
1088 3722 1158 3775 inter
1178 3721 1323 3775 Gaucauum
1343 3727 1371 3776 et

184 3810 338 3862 Maeotidem
383 3812 533 3864 habitantes
579 3815 728 3878 venturam,
775 3810 805 3864 αἳ
851 3811 1016 3881 θεμίσκυράν
1058 3830 1125 3865 ποτε
1159 3811 1163 3875 Ι
1198 3815 1372 3864 κατοικιοῦσιν

186 3898 256 3966 ἀμφὶ
282 3897 467 3966 θερμῶδονι9’,
496 3899 537 3952 ἵνα
561 3899 567 3965 l
593 3905 706 3973 τραχεῖα
735 3901 833 3953 πόντου
854 3898 1046 3971 Σαλμυδησσία
1068 3902 1171 3971 γνάδος
1186 3897 1190 3964 Ι
1208 3901 1372 3972 ἐχθρόξενος

187 3986 309 4056 ναότησι,
340 3989 458 4057 μητρυιὰ
482 3994 556 4042 νεῶν.
595 3988 792 4058 Salmydessum
821 3990 902 4057 igitur
932 4006 1015 4058 prope
1043 3990 1262 4044 Thermodontem
1294 3989 1372 4044 finxit

186 4077 344 4142 Aeschylus.
384 4077 441 4141 Qua
459 4080 487 4131 in
506 4095 534 4132 re
553 4094 584 4132 eo
603 4081 715 4132 maxime
733 4079 840 4145 inclino,
863 4083 895 4132 ut
913 4080 946 4133 de
965 4095 1037 4132 mera
1055 4080 1134 4132 huius
1153 4078 1308 4133 confusione
1327 4095 1370 4133 co·

186 4167 277 4234 gitem.
298 4193 332 4202 -
352 4159 400 4231 ⁹⁸⁷)
413 4166 562 4221 Notandum
583 4173 632 4235 ast,
651 4170 697 4222 τὸν
711 4167 906 4238 Σαλμυδησσόν
924 4169 997 4234 litua,
1017 4169 1064 4238 την
1085 4167 1277 4239 Σαλμυδησσόν
1295 4170 1370 4237 appi.-

184 4257 245 4309 dum
266 4256 414 4324 siguificare
444 4284 478 4292 -
508 4258 589 4312 schol.
608 4259 659 4326 Ap.
678 4260 728 4312 Rh.
748 4257 781 4324 ΙΙ,
803 4257 853 4311 177
874 4258 918 4311 καὶ
938 4258 992 4328 γὰρ
1012 4260 1027 4311 ό
1051 4255 1152 4324 Φινεὺς,
1172 4260 1215 4318 ὡς
1232 4259 1264 4311 οἱ
1282 4257 1369 4311 πλεῖ·

184 4364 266 4410 στοι,
287 4346 330 4398 ἐπὶ
350 4349 407 4399 τοῦ
428 4343 625 4417 Σαλμυδησσοῦ
643 4348 750 4418 λέγεται
770 4342 911 4418 ᾠκηκέναι,
932 4349 963 4408 ῦς
982 4349 1038 4400 ἐστι
1057 4350 1106 4415 ιῆς
1124 4345 1229 4420 θρᾴκης
1247 4348 1317 4401 κατὰ
1336 4349 1371 4401 τὰ
