3136 5078
790 315 831 380 55

214 515 379 605 Abantem
403 515 532 594 gentem
556 509 724 575 Thraciam
748 510 847 576 fuisse
871 529 912 575 ne
936 508 1114 590 credamne,
1139 508 1244 573 multa
1266 494 1403 576 obstant.

217 598 357 686 Videtur
377 619 464 685 enim
490 616 678 703 Elephenor
702 615 929 683 Chalcodontis
959 615 1044 680 filius
1069 615 1234 681 Abantum
1263 616 1297 680 in
1321 614 1404 682 bello

218 729 333 795 Troico
356 727 440 809 dux,
467 745 665 812 quamquam
688 708 859 790 Homerus
879 728 954 790 ante
982 722 1110 788 Troiam
1140 742 1214 788 eum
1249 722 1405 788 cecidisse

217 836 310 918 dicit,
346 835 445 920 epicis
474 834 514 899 dc
538 832 735 899 Graecorum
765 831 873 897 reditu
902 830 1097 896 carminibus
1123 832 1176 896 661
1199 831 1300 896 666616
1325 832 1405 916 (666

217 944 287 1010 (1166
303 943 406 1025 Agiae
421 940 588 1006 Troezenii
603 940 721 1026 nostis)
738 939 918 1007 celebratus
935 943 1054 1005 etcum
1078 937 1176 1003 variis
1198 936 1262 1002 illis
1286 936 1405 1004 fabulis

217 1052 257 1118 ad
280 1052 432 1137 antiquas
448 1048 645 1116 Graecorum
667 1051 700 1113 in
722 1046 802 1113 Ionii
824 1047 925 1113 maris
948 1047 1043 1112 litore
1067 1045 1161 1112 sedes
1185 1045 1405 1131 spectantibus

216 1161 405 1225 coniunctus
420 1158 533 1222 161666.
566 1153 631 1222 Sed
651 1155 713 1221 hoo
736 1157 806 1221 loco
830 1155 872 1221 ad
896 1175 945 1235 ea,
970 1175 1051 1241 quae
1075 1154 1114 1219 de
1139 1153 1198 1219 hoc
1220 1156 1288 1219 toto
1311 1154 1405 1220 fabu-

214 1269 318 1333 larum
354 1284 470 1349 genere
507 1262 544 1329 U.
569 1263 614 1330 de
635 1262 897 1329 Wilamowitz
921 1282 1024 1348 nuper
1059 1262 1179 1348 optime
1214 1260 1404 1346 disputavit,

213 1376 360 1458 relegare
384 1375 522 1439 lectores
545 1391 633 1438 meos
657 1371 737 1437 satis
760 1370 841 1436 mihi
864 1369 1046 1436 habendum
1070 1367 1192 1454 est¹⁹⁹>

304 1480 418 1547 Restat
452 1478 680 1545 celeberrimus
704 1477 912 1545 Strabonis
947 1477 1036 1543 locus
1066 1476 1105 1543 de
1131 1475 1289 1542 Thracum
1317 1473 1405 1561 apud

214 1589 389 1674 Olympum
415 1590 447 1652 et
469 1585 657 1652 Heliconem
681 1584 1027 1671 sedibus,Thracioque
1043 1583 1160 1650 Bacchi
1183 1586 1215 1650 et
1237 1583 1403 1649 Musarum

215 1696 306 1762 cultu
330 1696 517 1780 musicaque
548 1714 568 1759 a
595 1692 772 1759 Thracibus
797 1696 846 1778 (et
869 1692 1067 1778 Phrygibus)
1096 1691 1237 1756 maxime
1265 1689 1403 1771 exculta,

216 1801 426 1891 Thraciisque
460 1803 594 1887 insuper
628 1800 755 1866 vatibus
785 1800 841 1886 (X,
867 1805 899 1882 3,
925 1806 978 1882 17,
1003 1820 1034 1884 6.
1060 1801 1152 1884 471).
1198 1798 1249 1864 Ab
1284 1797 1344 1863 hoc
1372 1800 1405 1862 et

215 1912 317 1976 altero
341 1908 483 1976 eiusdem
508 1907 666 1994 1666011,
686 1914 717 1990 2,
736 1913 778 1976 25
797 1928 829 1993 p.
849 1909 942 1993 410),
966 1910 1003 1972 66
1026 1906 1065 1971 (16
1085 1905 1247 1973 Pausania
1268 1910 1405 1986 taceam,

216 2022 284 2084 tota
312 2017 352 2084 (16
381 2017 528 2082 Pieribus
555 2015 820 2082 11116Τ111661666
850 2015 997 2101 quaestio
1027 2015 1138 2081 oritur.
1185 2012 1299 2099 Neque
1329 2032 1404 2079 vero

215 2125 255 2191 de
291 2125 352 2191 hac
386 2124 576 2190 difficillima
610 2144 645 2190 re
681 2127 803 2217 certum
837 2121 941 2188 adhuc
981 2121 1136 2187 iudicium
1176 2123 1260 2187 ferre
1292 2119 1403 2187 audeo,

213 2230 318 2298 Multa
341 2236 426 2298 certe
451 2230 572 2296 tradita
595 2233 672 2298 sunt
693 2230 756 2296 fide
779 2251 844 2297 nou
868 2229 981 2312 digna3
1005 2247 1065 2295 nec
1079 2232 1190 2294 tamen
1207 2225 1317 2294 omnia
1330 2247 1405 2292 cum

210 2339 329 2406 Rieseo
354 2337 517 2404 reicienda
552 2342 648 2425 atque
682 2336 832 2418 neganda
866 2337 1025 2405 videntur.
1073 2337 1108 2402 ln
1138 2336 1287 2403 omnibus
1315 2334 1404 2400 hisce

212 2444 379 2512 tradendis
413 2446 586 2531 plurimum
623 2449 709 2510 certe
744 2444 915 2511 valuerunt
951 2443 1098 2529 Orphici.·
1144 2443 1258 2530 Neque
1293 2444 1403 2525 igitur,

214 2573 295 2639 quae
329 2551 451 2618 tradita
485 2556 571 2633 sunt,
607 2557 694 2618 recte
729 2571 915 2637 possumus,
939 2552 1112 2617 aestimare
1149 2552 1218 2616 sine
1253 2554 1404 2616 accurata

213 2660 326 2726 horum
362 2660 488 2725 notitia.
548 2657 614 2726 Sed
641 2659 702 2724 hac
730 2660 764 2724 in
792 2677 828 2724 16
858 2659 910 2723 661
932 2662 1007 2745 6666
1036 2657 1234 2725 Lobeckium
1270 2659 1405 2724 obscura

212 2768 373 2833 mansisse
415 2767 495 2832 satis
534 2767 639 2832 multa
683 2786 778 2832 nemo
818 2770 917 2849 neget
952 2766 1007 2851 (cf.
1045 2763 1083 2829 U.
1119 2765 1150 2834 (1.
1180 2764 1404 2847 Wilamowitz,

211 2873 386 2961 Kydathen
412 2869 500 2960 131)I
549 2876 598 2940 Ao
626 2875 769 2940 maxime
799 2873 927 2959 quidem
957 2872 1050 2941 nobis
1080 2892 1160 2958 opus
1185 2892 1256 2939 esse
1279 2871 1406 2938 videtur

212 2980 428 3068 Orphicorum
452 2986 485 3048 66
508 2983 687 3048 carminum
711 2986 744 3048 et
768 2981 987 3048 doctrinarum
1012 2985 1045 3047 66
1058 2981 1243 3048 fabularum
1257 2978 1403 3046 historia.

211 3087 296 3154 Hinc
323 3090 513 3174 praesertim
542 3088 584 3154 ad
613 3094 728 3175 666666
758 3089 831 3156 11166
866 3091 922 3175 661
953 3089 1048 3170 vulgo
1073 3087 1223 3155 dicuntur
1251 3085 1405 3153 Thracios

211 3197 355 3283 aliquam
377 3197 481 3261 lucem
504 3194 613 3261 afferri
637 3216 733 3281 posse
756 3197 808 3262 661
834 3217 935 3262 66661
960 3194 1123 3282 Eumolpi,
1153 3194 1193 3260 de
1222 3215 1285 3281 quo
1310 3198 1422 3275 antea¹

212 3398 238 3448 61
270 3396 347 3448 δεῖνα
374 3395 445 3464 apud
463 3395 621 3449 Pausaniam
650 3397 685 3450 sit
711 3396 894 3449 tribuendum:
924 3400 965 3449 est
991 3396 1041 3449 hoc
1069 3410 1174 3463 quoque
1202 3395 1235 3449 ad
1262 3394 1405 3462 insipidam

210 3486 283 3539 illam
314 3485 442 3538 Herodoti
472 3485 647 3539 imitationem
674 3485 859 3540 revocandum.
909 3485 986 3550 Quod
1016 3485 1048 3538 A.
1072 3484 1168 3538 Riese
1200 3500 1231 3538 ea
1260 3484 1293 3537 de
1325 3498 1405 3536 cauea

212 3575 325 3629 coniecit
350 3573 471 3628 Abantes
498 3576 532 3628 ab
563 3575 706 3629 Aristotele
738 3576 853 3630 Thraces
884 3575 978 3642 factos,
1009 3575 1079 3644 quod
1107 3574 1245 3642 Thamyris
1276 3573 1403 3627 Thracius

211 3666 285 3716 66666
304 3664 446 3733 aliquando
474 3665 504 3718 111
523 3665 627 3734 Euryti,
647 3665 785 3720 Oechaliae
805 3667 884 3735 regis,
907 3667 1007 3735 regiam
1025 3667 1171 3719 devertisse
1190 3665 1285 3719 (1161661
1303 3665 1332 3717 16
1350 3664 1404 3717 Eu·

213 3750 282 3803 bosa
301 3754 387 3820 6166111,
407 3754 580 3808 Aristotelem
601 3754 645 3809 vix
664 3755 769 3828 credam
798 3756 846 3808 tali
864 3756 1016 3824 suspicione
1036 3756 1144 3823 dignum
1163 3769 1230 3808 6666.
1250 3777 1284 3789 -
1306 3747 1351 3818 ¹⁹⁹)
1371 3752 1403 3806 U.

213 3837 239 3891 d.
259 3840 492 3910 Wilamowitz,
519 3845 618 3897 homer.
638 3844 877 3912 Untersucbungen
895 3841 990 3910 (1884)
1018 3862 1045 3913 p.
1066 3843 1118 3898 170
1137 3860 1194 3913 sqq.
1240 3843 1404 3912 Quamquam

213 3927 332 3982 Abantes
350 3932 383 3983 ab
402 3932 553 4011 Amantinis
573 3934 751 4002 seiungendos
770 3949 829 3986 esse
842 3934 982 4002 Scymnus,
1002 3935 1047 4003 qui
1068 3935 1192 3987 barbaros
1218 3933 1283 3986 dicit
1305 3933 1403 3985 Aman-

211 4017 290 4081 tinos‚
301 4017 347 4071 vix
356 4021 461 4087 probat;
472 4023 615 4092 appellavit
628 4022 797 4091 Thucydides
807 4039 913 4092 666666
923 4023 1069 4091 Epiroticas
1079 4027 1174 4091 gentes
1185 4021 1318 4076 barbaros!
1341 4022 1402 4090 Ipse

210 4107 429 4161 Wilamowitzius
456 4113 573 4165 ostendit
600 4114 628 4165 66
644 4111 773 4166 Euboeos
796 4112 842 4165 illa
865 4113 974 4181 regione
993 4112 1145 4166 consedisse
1163 4117 1191 4166 et
1209 4113 1401 4183 Elephenorem
1421 4162 1430 4173 „

210 4198 345 4250 Abantum
359 4212 449 4266 regem
462 4200 500 4252 ibi
513 4216 618 4269 quoque
632 4217 722 4255 eorum
736 4203 829 4255 ducem
841 4202 1004 4270 appellatum
1018 4201 1256 4256 6666-(16661661
1270 4202 1302 4254 (16
1312 4200 1400 4253 Aban-

211 4289 284 4341 tibus
304 4289 481 4343 conferendus
504 4294 547 4342 666
565 4289 701 4359 (1166116,
729 4291 986 4360 611666186661166
1015 4306 1042 4356 6.
1061 4289 1161 4356 54-6,
1189 4292 1235 4360 661
1258 4290 1403 4344 6Τ1116616

210 4392 256 4430 666
283 4379 389 4432 6661666
416 4383 501 4447 putat,
530 4383 557 4432 et
585 4378 725 4435 drusius
752 4381 782 4434 16
810 4381 936 4434 1166611611
967 4380 1018 4434 lex.
1048 4380 1158 4448 mythol.
1182 4397 1204 4434 6.
1227 4398 1252 4435 6.
1270 4380 1337 4432 Aba.
1366 4403 1400 4412 -
