3136 5078
763 313 801 372 17

185 524 311 590 cunque
341 503 402 567 fuit
431 504 485 568 ille
515 502 749 589 Apollodorus)
785 503 818 567 in
853 499 1045 567 bibliotheca
1079 500 1297 565 narrationem
1333 521 1373 566 en

184 614 223 677 fr.
249 616 312 679 351
339 615 372 677 et
395 611 468 676 aliis
492 609 620 677 indiciis
644 611 712 675 veri
736 609 936 676 simillimum
960 613 1020 673 est.

274 721 324 784 Ac
348 719 452 803 primo
487 717 556 783 loco
592 716 769 798 videamus,
801 716 873 802 quis
901 715 1000 781 fuerit
1022 712 1218 800 Euripideus
1241 713 1374 782 Eumol-

184 846 256 912 pus,
287 830 321 891 et
350 845 412 910 quo
439 825 536 891 modo
561 825 745 891 Eleusinem
768 824 894 890 venerit
916 822 1074 889 bellatum
1099 842 1173 887 cum
1195 822 1373 889 Athenien-

186 934 283 998 sibus.
324 931 404 998 Fuit
426 937 536 999 autem
560 937 599 998 ut
623 933 670 998 ait
692 931 860 1017 Lycurgus
885 933 942 1016 (ex
965 927 1148 1016 Euripide),
1173 928 1317 1015 Neptuni
1342 935 1375 997 et

185 1037 323 1105 Chiones
346 1041 448 1121 filius,
485 1040 539 1125 qui
575 1059 646 1105 cum
670 1038 848 1105 Thracibus
876 1039 910 1102 in
933 1038 1077 1102 Atticam
1101 1037 1223 1102 invasit
1246 1041 1283 1103 ut
1305 1039 1374 1104 iure

186 1147 248 1211 sibi
272 1145 473 1233 debitam⁵⁸>
510 1146 629 1212 Chione
654 1150 763 1211 antem
780 1144 953 1230 Aquilonis
979 1148 1012 1209 et
1035 1141 1201 1228 Orithyiae
1231 1145 1296 1210 filia
1325 1145 1371 1210 di-

186 1252 272 1323 citur
300 1261 333 1321 et
362 1255 401 1320 ab
429 1253 623 1341 Apollodoro
653 1257 686 1318 et
715 1274 734 1317 a
763 1249 987 1337 Pausania;⁵⁹)
1015 1271 1131 1317 nomen
1159 1253 1294 1334 ,niveae‘
1324 1254 1376 1318 vel

185 1367 295 1451 ipsum
323 1383 380 1449 per
411 1382 446 1427 se
471 1360 603 1427 idoneos
629 1380 699 1426 esse
723 1364 873 1446 parentes
897 1359 1059 1442 coarguit3
1095 1378 1155 1424 nec
1178 1359 1289 1426 dubito
1314 1361 1375 1427 hoc

186 1492 313 1558 quoque
342 1469 384 1536 ad
407 1467 597 1555 Euripidem
620 1466 798 1553 referre.⁶⁰)
845 1466 910 1531 lam
933 1486 1008 1531 vero
1032 1465 1273 1554 Lobeckins,⁶1)
1299 1473 1375 1556 quia

186 1601 260 1646 cum
283 1579 462 1659 fragmento
488 1579 567 1643 351:

347 1683 508 1749 Αἰθιοπίαν
525 1707 567 1747 νιν
584 1681 712 1757 ἐξέσιοο’
738 1683 788 1746 ἐπὶ
809 1681 910 1771 χθόνα
927 1684 1019 1767 (mss.
1038 1677 1212 1767 ἐξέοωοας)

187 1797 306 1880 optime
323 1792 525 1871 conveniunt,
550 1809 591 1855 ex
606 1789 760 1876 Euripide
783 1789 917 1855 fluxisse
934 1788 1044 1854 docuit
1059 1788 1245 1874 Apollodori
1262 1791 1321 1858 illa
1336 1792 1376 1859 de

186 1899 337 1987 Eumolpi
361 1896 520 1985 partu:⁶2)
560 1896 703 1963 Chionen
731 1917 751 1962 a
777 1895 929 1984 Neptuno
958 1897 1143 1982 concepisse
1171 1894 1375 1984 Eumolpum,

187 2029 281 2095 quem
297 2012 425 2093 partum
444 2005 566 2091 pudore
583 2009 731 2091 permota
747 2006 829 2070 clam
843 2005 877 2069 in
894 2024 983 2069 mare
1000 2004 1199 2070 coniecisset.
1208 2003 1250 2090 68)
1285 2003 1377 2073 Unde

187 2117 351 2183 sublatum
375 2133 448 2180 eum
472 2114 507 2177 in
530 2112 737 2199 Aethiopiam
761 2110 1027 2196 Benthesicymae
1055 2109 1228 2177 tradidisse
1251 2110 1376 2199 Neptu·

186 2242 263 2288 num
287 2240 363 2287 suae
388 2241 428 2286 ex
452 2219 651 2305 Amphitrite
674 2219 769 2285 filiae.
820 2216 884 2285 Sed
907 2237 970 2304 quo
994 2217 1090 2283 modo
1116 2238 1156 2283 ex
1179 2219 1377 2306 Aethiopum

185 2329 331 2396 fabulosa
353 2325 488 2413 terrae)
511 2326 552 2392 ad
569 2325 720 2401 Thraces,
745 2346 882 2413 quorum
907 2329 993 2391 certe
1017 2324 1083 2390 dux
1108 2329 1169 2408 est,
1193 2327 1375 2392 venientem

191 2583 339 2651 Apollodori
349 2584 498 2636 narratione
507 2582 659 2650 nuperrime
670 2582 724 2648 egit
733 2580 1000 2645 llanwellmann,
1013 2580 1051 2632 De
1060 2579 1301 2635 lsthallimachio
1310 2583 1442 2653 ditis....f-

189 2674 279 2742 inaug.
292 2672 437 2742 Gryphisw.
454 2668 523 2723 1886
542 2686 567 2738 p.
581 2667 702 2734 52-543
722 2670 767 2736 qui
787 2672 813 2722 et
825 2669 893 2721 hanc
907 2673 934 2721 et
946 2669 1010 2722 alias
1029 2669 1132 2722 tabulas
1145 2669 1247 2724 Atticas
1267 2689 1298 2724 ex
1312 2671 1377 2725 istro

187 2763 217 2816 in
236 2762 390 2832 Apollodori
420 2761 606 2813 bibliothecam
633 2759 744 2812 fluxisse
774 2761 874 2812 censet.
903 2783 937 2793 -
966 2751 1001 2823 Μ)
1020 2758 1097 2825 Apd.
1117 2758 1163 2825 111,
1190 2757 1231 2826 15,
1250 2760 1276 2823 4,
1300 2761 1322 2812 l.
1343 2787 1377 2797 -

187 2845 313 2919 5⁸)Lyc.
334 2852 352 2903 l.
372 2851 403 2902 l.:
423 2849 489 2919 φασί
508 2848 563 2918 γὰρ
582 2846 725 2915 Εὔμολπον
743 2849 789 2901 τὸν
809 2845 978 2907 Ποσειδῶνος
996 2847 1068 2913 μετὰ
1086 2845 1197 2920 θμᾳιιῶν
1217 2849 1309 2904 ἐλθεῖν
1327 2852 1377 2917 τῆς

183 2941 281 3011 χώρας
293 2939 396 3009 ταύτης
408 2939 640 3008 ἀμφισβητοῦντα.
652 2965 685 2975 -
697 2932 731 3001 59)
742 2938 835 2990 Paua.
847 2938 868 3003 l,
880 2936 924 3004 38,
935 2937 950 2990 2
963 2935 1013 3003 (2).
1041 2938 1181 3005 Aquilonis
1194 2953 1303 2990 uxorem
1314 2937 1380 2992 fecit

188 3030 377 3082 Hecataeus
405 3029 564 3082 Abderita
591 3028 620 3081 in
648 3044 697 3081 sua
724 3028 955 3096 Hyperboreomm
983 3031 1068 3080 terrae
1097 3027 1273 3095 descriptione
1303 3029 1335 3081 tr.
1359 3029 1377 3080 4

189 3114 231 3181 (E.
249 3117 284 3169 H.
304 3117 334 3169 G.
355 3117 386 3169 ll.
407 3116 472 3180 381)
491 3133 533 3185 ap.
553 3116 612 3169 Ael.
637 3117 663 3169 h.
683 3132 726 3168 an.
745 3117 794 3183 Xl,
818 3117 839 3169 1.
888 3115 952 3168 Cum
982 3113 1040 3168 Chii
1069 3132 1130 3169 vero
1159 3117 1274 3182 herolde,
1304 3119 1378 3171 cuius

189 3204 257 3257 idem
276 3220 374 3257 nomen
392 3205 506 3273 produnt
525 3206 563 3259 St.
583 3205 613 3258 Β.
634 3221 655 3258 s.
675 3222 698 3258 v.
718 3203 794 3268 Χίος,
818 3204 992 3258 Metrodor.
1012 3208 1039 3257 et
1059 3204 1204 3259 Cleobul.
1234 3222 1275 3273 ap.
1295 3205 1378 3259 Plin.

188 3311 214 3347 n.
235 3295 260 3347 h.
280 3294 313 3361 V,
326 3292 371 3362 38,
389 3295 511 3363 Eumolpi
524 3298 607 3348 mater
625 3296 670 3347 rix
688 3293 758 3346 aliud
779 3293 922 3362 quidquam
940 3293 995 3346 nisi
1013 3309 1112 3346 nornen
1130 3295 1209 3346 habet
1229 3310 1376 3349 commune.

188 3379 222 3451 ⁶⁰)
243 3386 322 3441 Certe
351 3387 493 3441 absurdum
522 3391 564 3440 est
582 3387 757 3440 Erechtheum
787 3402 847 3439 cum
875 3389 1022 3453 pronepote
1050 3401 1176 3453 pugnare.
1214 3382 1269 3436 Nec
1289 3387 1378 3436 tamen

186 3477 241 3530 ullo
266 3476 344 3531 modo
369 3478 534 3546 probandum
553 3477 604 3529 iam
623 3477 777 3544 Euripidem
795 3476 886 3544 plures
906 3474 1016 3529 finxisse
1029 3475 1182 3543 Eumolpos.
1220 3473 1277 3537 Qua
1297 3473 1330 3527 de
1349 3489 1378 3526 re

187 3565 255 3618 bene
288 3567 412 3619 disseruit
439 3566 469 3620 B.
490 3565 608 3619 Giseke
627 3567 678 3618 thr.
698 3567 750 3634 pel.
770 3567 810 3620 St.
829 3582 855 3634 p.
875 3559 955 3633 47l93
984 3571 1099 3618 ceterum
1127 3565 1159 3617 ci.
1182 3581 1209 3633 p.
1230 3561 1264 3618 25
1284 3578 1324 3631 sq.
1343 3590 1378 3602 —

187 3648 222 3717 ⁶¹)
241 3653 368 3708 Lobeclr
388 3654 446 3722 Agl.
467 3670 494 3721 p.
514 3655 575 3708 216.
596 3681 628 3690 -
649 3647 684 3720 ⁶⁹)
703 3654 782 3722 Apd.
801 3655 819 3706 l.
838 3655 856 3706 l.
876 3650 947 3719 §(l)
968 3652 1050 3724 Χιόνη
1071 3654 1103 3706 δὲ
1124 3651 1272 3706 Ποσειδῶνι
1289 3652 1378 3723 μίγνυ·

188 3760 238 3794 ται.
261 3745 278 3811 ἡ
298 3744 330 3795 δὲ
354 3742 446 3812 κρύφα
466 3748 514 3796 τοῦ
534 3744 638 3813 πατρὸς
656 3741 800 3810 Εὔμολπον
819 3746 944 3807 τεκοῦσα,
964 3742 1006 3795 ἵνα
1024 3743 1064 3812 μὴ
1083 3743 1193 3814 γένηται
1213 3743 1378 3811 καταφανὲς,

188 3832 228 3891 εἰς
246 3831 292 3882 τὸν
309 3832 400 3898 βυθὸν
417 3832 508 3903 ῥίπτει
532 3833 564 3885 τὸ
584 3833 696 3886 παιδίον.
712 3831 752 3898 (2)
774 3829 913 3886 Ποσειδὼν
932 3832 964 3884 δὲ
983 3831 1147 3897 ἀνελόμενος
1175 3832 1215 3890 εἰς
1236 3828 1379 3884 Αἰθιοπίαν

189 3919 300 3985 κομίζει,
315 3899 690 3993 ᾖῗδίὸἷῶαῖῖενιλεόοίιίιῖῃ
709 3922 820 3993 τμέφειν
839 3921 924 3973 αὐτοῦ
937 3920 1054 3990 θυγατρί
1074 3920 1119 3974 καί
1135 3915 1320 3989 Ἀμφιτρίτης.
1346 3921 1379 3974 ci.

187 4009 304 4063 nobilem
322 4009 480 4063 Hieronis
499 4011 529 4064 in
542 4011 648 4065 vasculo
667 4012 713 4065 illo
726 4011 875 4080 imaginem,
895 4026 962 4079 quae
976 4009 1135 4077 Eumolpum
1148 4009 1216 4062 ratis
1229 4010 1378 4076 insignibus

188 4101 341 4152 exornatum
351 4099 581 4166 interNeptunum
591 4101 771 4170 Amphitriten
789 4101 855 4153 ahos
870 4099 934 4153 deos
943 4099 1095 4152 Eleusinios
1106 4098 1240 4153 sedentem
1252 4100 1378 4166 ostendit,

188 4204 248 4242 curn
258 4188 363 4257 Brygi
372 4191 464 4257 patera
474 4187 627 4242 bellatorem
637 4189 795 4258 Eumolpum
806 4189 930 4243 exhibeat
939 4185 1124 4254 (C.Robert,
1136 4187 1198 4241 Bild
1207 4188 1263 4242 und
1272 4188 1338 4242 Lied
1351 4205 1378 4257 p.

188 4271 326 4342 88).-⁶³)
332 4277 372 4332 cf.
379 4276 490 4330 similem
499 4279 676 4333 narrationem
683 4278 851 4348 (Euripideae
862 4277 1038 4331 imitationem
1043 4273 1066 4342 1)
1081 4276 1113 4331 de
1120 4276 1201 4330 Rhesi
1207 4281 1284 4346 partu
1291 4273 1377 4343 [Eun]

187 4367 281 4420 Eheu.
301 4368 352 4421 926
371 4383 428 4435 sqq.
446 4393 480 4403 -
498 4360 532 4432 84)
551 4366 607 4431 Qua
624 4369 657 4423 de
674 4384 703 4422 re
720 4368 781 4423 ride
797 4369 875 4422 inira.
894 4393 928 4403 —

1163 4454 1178 4508 2
