3136 5078
275 733 372 822 Apud
399 740 522 802 eeteros
551 736 692 817 tragioos
715 755 788 801 eum
812 735 954 802 Phineus
979 735 1139 802 Thraeum
1164 739 1264 805 fuerit
1288 736 1382 806 eirea'

103 889 126 917 χ
184 841 365 930 Bosporum
387 841 601 908 habitantium
622 861 690 916 rex,
715 844 749 907 in
769 843 934 926 regionem
955 844 1050 927 longo
1072 846 1176 930 spatio
1200 845 1372 915 aGraeeia

185 950 377 1037 diremptam
420 948 633 1035 Euripides
677 971 751 1016 eum
794 932 965 1067 transisit,
1017 956 1056 1017 ut
1090 973 1226 1037 prorsus
1272 957 1373 1021 alium

185 1077 257 1123 eum
315 1057 472 1123 crederes.
544 1054 579 1121 [n
637 1055 889 1123 Andromeda
948 1058 1034 1124 enim
1091 1061 1258 1141 tragoedia
1315 1063 1372 1129 illa

184 1184 242 1250 per
275 1168 380 1230 totam
414 1165 642 1249 antiquitatem
679 1165 813 1230 summis
848 1164 997 1231 laudibus
1032 1164 1181 1252 elate241)
1217 1167 1373 1236 Phineum

183 1273 316 1337 fratrem
339 1271 513 1358 Euripides
547 1272 627 1337 feeit
651 1269 770 1357 Cephei
793 1271 991 1357 Aethiopum
1019 1273 1115 1356 regis,
1150 1272 1220 1341 Beli
1249 1280 1282 1341 et
1305 1278 1372 1342 An-

185 1380 315 1446 ehinoes
337 1378 420 1466 (Nili
443 1379 543 1464 filiae)
563 1377 739 1465 filiumm)
779 1377 911 1445 Certum
932 1399 1003 1446 esse
1019 1379 1146 1446 videtur
1161 1399 1202 1445 ex
1217 1380 1373 1468 Euripide

182 1487 334 1553 haustam
361 1485 549 1572 Apollodori
578 1488 794 1553 narrationem
824 1485 864 1551 de
890 1485 1078 1573 Cassiopeia
1112 1486 1233 1575 Cephei
1261 1510 1372 1572 uxore,

178 1615 265 1680 quae
288 1593 387 1661 Nerei
410 1594 494 1659 filias
519 1593 560 1659 ad
589 1593 840 1679 pulchritudinis
869 1598 1033 1659 eertamen
1061 1602 1284 1679 provocasset,
1315 1598 1373 1664 sed

183 1707 324 1767 monstro
348 1702 471 1766 marino
496 1722 516 1766 a
538 1699 691 1788 Neptuno
715 1702 815 1767 misso
841 1706 874 1766 et
896 1705 1001 1768 terrae
1028 1699 1237 1769 inundatione
1260 1707 1373 1789 punita

183 1810 250 1875 iam
287 1805 393 1894 ipsam
431 1807 530 1872 tiliam
568 1806 812 1874 Andromedam
850 1807 965 1874 beluae
1005 1808 1132 1875 tradere
1173 1831 1215 1876 ex
1251 1814 1371 1880 oraeuli

183 1918 349 1984 Ammonii
376 1936 532 2002 responso
562 1921 649 1982 esset
679 1920 800 1982 ooaeta.
848 1914 893 1980 Et
924 1916 1082 2002 quomodo
1111 1916 1247 1984 Perseus
1276 1920 1372 1984 morti

184 2025 333 2092 devotam
368 2025 572 2091 liberavisset
602 2028 649 2106 et,
686 2043 760 2090 eum
794 2024 864 2109 ipse
896 2045 916 2089 a
946 2028 1038 2108 patre
1068 2025 1102 2090 in
1132 2027 1372 2092 matrimonium

184 2136 372 2221 aoeepisset‚
402 2136 513 2197 eontra
551 2129 710 2196 Phineum
742 2131 811 2215 (eui
849 2130 1092 2197 Andromedam
1117 2136 1211 2197 antea
1233 2131 1371 2215 despon-

184 2262 256 2308 sam
294 2241 395 2305 fuisse
428 2237 564 2304 Ovidius
603 2239 730 2322 narrat)
769 2237 905 2304 insidias
946 2243 1124 2305 struentem
1163 2237 1368 2303 defendisset.

185 2347 343 2431 Gorgonis
372 2345 458 2410 enim
486 2346 590 2430 eapite
619 2345 748 2411 obtento
778 2345 811 2409 in
846 2343 987 2430 lapidem
1016 2345 1172 2411 Phineum
1199 2365 1270 2412 esse
1298 2364 1369 2408 mu·

184 2452 362 2539 tatumw)

279 2559 344 2628 Sed
359 2561 498 2626 Phineus
524 2560 575 2625 hie
592 2559 762 2646 Aethiops,
789 2561 816 2626 si
842 2561 998 2644 originem
1014 2565 1153 2647 spectas,
1177 2581 1270 2628 nemo
1288 2561 1373 2626 alius

185 2676 236 2736 est
252 2690 350 2756 quam
371 2669 426 2734 ille
445 2669 512 2733 iam
528 2688 569 2732 ex
585 2666 728 2734 Hesiodo
745 2672 843 2733 notus
860 2667 1012 2733 Phineus.
1053 2667 1199 2733 Coneedo
1216 2669 1371 2734 nonnulla

185 2797 258 2843 esse
292 2781 427 2842 mutata.
476 2776 665 2860 Cassiopeia
700 2780 750 2840 est
785 2773 873 2860 apud
896 2773 1085 2858 Euripidem
1110 2774 1230 2859 Cephei
1264 2777 1373 2842 fratris

183 2886 272 2951 illius
311 2902 410 2964 uxor,
449 2882 538 2967 apud
577 2878 855 2965 Phereeydem244)
894 2879 1006 2945 Phinei
1045 2884 1165 2960 mater,
1206 2880 1373 2949 Phoeniois

184 2992 313 3071 coniux,
337 2990 481 3073 itemque
506 2986 593 3074 apud
615 2985 806 3068 Hesiodum,
832 2986 887 3071 qui
911 2988 1011 3052 etiam
1031 2987 1133 3052 Arabi
1156 2989 1256 3054 filiam
1279 2988 1372 3072 dieit;

183 3096 286 3164 Belus
320 3095 408 3181 apud
436 3093 628 3181 Euripidem
662 3092 794 3177 Phinei,
830 3094 917 3181 apud
951 3083 1167 3181 Pherecydem
1193 3093 1373 3163 Damnonis

182 3206 281 3271 huius
306 3205 400 3271 aviae
438 3208 546 3289 pater,
583 3224 658 3269 eum
690 3223 731 3270 ex
754 3203 896 3271 Hesiodo
920 3204 979 3269 hae
1003 3203 1043 3270 de
1074 3225 1108 3270 re
1132 3204 1213 3270 nihil
1236 3208 1371 3272 constet.

183 3311 335 3379 Notanda
358 3316 444 3378 eerte
468 3318 518 3378 est
540 3310 652 3376 Phinei
676 3331 750 3378 oum
764 3310 891 3398 Cepheo
917 3312 966 3394 (et
989 3310 1191 3398 Cassiopeia)
1216 3316 1249 3377 et
1265 3312 1373 3379 Persei

183 3420 296 3486 fabula
320 3419 543 3485 vetustissima
567 3418 624 3482 illa
647 3417 920 3502 Peloponnesiaea
943 3419 1136 3484 ooninnetio.
1161 3458 1205 3467 —

183 3758 276 3825 lonio).
304 3760 349 3826 Ill,
381 3758 422 3826 15,
451 3759 476 3812 3.
505 3787 538 3796 -
572 3753 619 3824 ⁹⁴⁰)
638 3760 718 3828 Hyg.
736 3760 790 3812 fab.
812 3758 854 3811 19.
874 3760 906 3813 ef.
926 3761 945 3812 f.
967 3760 1009 3813 14.
1038 3786 1072 3796 -
1097 3752 1144 3823 ²⁴¹)
1163 3758 1245 3811 Locos
1266 3758 1373 3827 collegit

184 3850 311 3916 aanor,
331 3852 375 3904 rr.
389 3848 434 3903 er.
446 3849 488 3903 rr.
502 3867 527 3920 p.
543 3845 635 3917 erata.
649 3875 683 3885 -
697 3842 744 3914 Μ>
763 3849 833 3917 sps.
851 3849 884 3915 11,
906 3850 930 3916 1,
949 3850 975 3916 4,
994 3850 1012 3902 4
1030 3848 1118 3915 Βῆλος
1136 3849 1169 3901 es
1188 3887 1215 3900 ..
1234 3847 1374 3915 βασιλεύει

186 3941 213 3992 ἐν
231 3937 370 4011 Αἰγύπτῳ
390 3944 478 4010 γαμεῖ
512 3941 543 3992 δὲ
560 3935 691 4010 Ἄγχινόην
710 3939 757 4008 τὴν
776 3934 875 3992 Νείλου
893 3939 1044 4009 θυγατέρα,
1064 3937 1108 3990 καὶ
1128 3933 1205 4010 αὐτῷ
1223 3938 1371 4008 γίνονται..

184 4026 316 4099 Αἴγυπτος
344 4031 389 4082 καὶ
419 4030 536 4090 Δαναός·
567 4031 605 4089 ὡς
633 4030 665 4082 δὲ
692 4027 877 4100 Εὐριπίδης
904 4027 979 4099 φησὶ,
1008 4026 1052 4080 καὶ
1081 4025 1194 4097 Κηφεὺς
1213 4025 1257 4078 καὶ
1281 4021 1373 4085 Φινεὺς

185 4119 302 4189 προσέτι.
332 4147 365 4156 -
396 4113 442 4184 ⁹⁴³)
471 4119 512 4172 Ex
539 4119 666 4188 Euripide
700 4120 778 4173 etiam
808 4117 917 4172 Ovidius
951 4133 1000 4171 sua
1030 4118 1120 4171 hausit
1147 4118 1209 4170 llet.
1228 4114 1264 4167 IV
1284 4115 1371 4168 663-

185 4206 289 4261 V235.
328 4209 451 4263 Ceterum
471 4214 497 4262 et
516 4209 659 4276 Sophocles
677 4209 748 4262 idem
776 4214 959 4275 argumentum
979 4209 1101 4260 tractarit
1120 4208 1199 4274 eique
1218 4221 1277 4257 eum
1296 4203 1372 4256 Eori-

184 4299 246 4366 pide
265 4300 393 4353 nonnulle
411 4301 535 4355 videntur
557 4301 640 4353 fnisse
665 4298 823 4355 eommunia.
860 4298 969 4353 Nauck
989 4300 1032 4352 Tr.
1052 4299 1096 4351 Gr.
1115 4297 1158 4350 rr.
1181 4311 1207 4363 p.
1229 4292 1318 4358 124l5.
1337 4319 1371 4329 —

185 4382 229 4453 Ἧι)
239 4389 367 4443 Pheree.
381 4392 412 4442 fr.
425 4391 462 4444 40
474 4408 498 4443 r.
513 4406 593 4458 supra
605 4390 695 4458 ibique
708 4389 798 4442 rideas
811 4389 890 4441 etiam
901 4389 933 4442 de
943 4389 1055 4442 Hesiodi
1068 4387 1141 4439 loeis.
1153 4412 1187 4422 -
1198 4381 1262 4448 2441)
1276 4383 1372 4448 Quam·
