3136 5078
783 303 801 361 5
849 336 852 341 .

187 573 190 580 Ι
286 492 336 560 1)ο
361 491 535 559 Thracibus
567 493 645 559 solis
677 493 742 576 egit
768 491 806 557 Β.
831 488 1023 576 Giseke‚⁸)
1048 491 1138 557 cuius
1169 510 1187 557 e
1222 489 1384 556 sententia

198 606 312 684 gentes
338 600 482 683 Pelasgis
518 601 733 687 proprinquae
769 597 934 665 Graeciam
964 597 1185 665 habitantibus
1215 595 1383 662 Thraciam

198 709 358 795 quondam
380 712 562 774 tenuerunt.
609 708 654 773 At
675 707 817 774 Paeones
840 705 874 771 id
897 710 947 772 est
967 704 1083 772 Teucri
1106 709 1140 772 et
1160 704 1246 790 Mysi
1268 707 1382 770 irrum-

196 821 310 902 pentes
345 820 379 882 et
413 816 568 902 optimam
603 815 721 900 ubique
761 818 881 880 terram
920 818 1113 898 occupantes
1149 818 1274 880 veteres
1309 812 1381 878 illos

197 920 337 988 Thraces
361 923 479 1008 partim
507 924 542 987 in
565 922 681 988 arduos
704 925 829 988 montes
852 921 1078 1008 reppulerunt,
1107 921 1226 1006 partim
1253 921 1381 987 omnino

195 1031 375 1112 eiecerunt,
410 1035 448 1097 ut
476 1031 626 1115 dissipati
659 1031 725 1096 iam
748 1050 806 1117 per
829 1027 996 1095 Graeciam
1025 1032 1219 1110 vagarentur
1248 1035 1280 1095 et
1306 1029 1381 1097 inde

194 1138 333 1203 turbatis
357 1139 505 1204 omnibus
528 1138 626 1203 rebus
648 1139 682 1203 in
704 1138 819 1203 Asiam
841 1137 1022 1203 traicerent.
1070 1135 1124 1203 Sic
1148 1136 1307 1203 Paeonum
1330 1139 1381 1203 in-

195 1247 284 1312 vasio
318 1247 415 1312 otiam
441 1240 622 1330 Minyaru‘m
650 1244 863 1330 Cadmeorum
890 1243 1054 1331 Abantem
1079 1242 1309 1330 Dryopumque
1344 1265 1380 1312 ac

195 1352 389 1420 Boeotorum
413 1357 447 1419 et
470 1351 608 1439 denique
635 1352 760 1419 Dorum
783 1351 985 1434 migrationis
1009 1352 1113 1437 prima
1147 1351 1380 1436 quodammodo

194 1481 291 1527 causa
315 1465 410 1545 atque
433 1461 522 1544 origo
545 1462 617 1526 fuit.
642 1498 684 1509 -
711 1458 791 1525 Cum
814 1459 914 1541 igitur
936 1459 987 1524 vir
1003 1458 1115 1525 doctus
1138 1463 1263 1525 veteres
1280 1458 1379 1527 Thra·

194 1569 263 1633 ciae
287 1568 408 1634 incolas
433 1567 591 1654 (Muelleri
615 1573 648 1633 et
667 1568 775 1634 Abelii
798 1565 947 1651 exempla
970 1569 1117 1652 secutus)
1141 1586 1213 1633 cum
1236 1567 1379 1652 Pelasgis

193 1675 376 1756 confundat,
402 1674 440 1742 de
463 1674 607 1757 Pelasgis
631 1680 739 1740 autem
762 1672 915 1757 Aeschyli
940 1671 1054 1758 illud9)

430 1787 484 1847 τοῦ
509 1785 657 1871 γηγενοῦς
680 1784 741 1868 γάρ
765 1778 826 1867 εἰμ’
852 1781 917 1864 ἐγὼ
942 1779 1159 1870 Παλαίχθονος

431 1890 488 1967 ἶνις
512 1890 675 1973 Πελασγὸς
697 1890 749 1953 κτὲ

193 2019 234 2064 ex
263 1999 506 2064 accuratissima
533 2017 640 2063 rerum
669 1999 871 2062 vetustarum
903 1995 1038 2061 scientia
1066 1996 1199 2064 fluxisse
1235 2008 1376 2083 censeat,

191 2106 300 2174 Abelii
329 2111 456 2172 acutam
485 2105 574 2171 illam
603 2104 642 2171 de
664 2103 878 2188 Bithynorum
909 2098 1076 2169 invasione
1105 2124 1178 2170 cum
1206 2103 1379 2174 Cimmeris

192 2215 413 2298 coniungenda
435 2213 651 2280 coniecturam
676 2212 779 2278 reicit.

153 2313 155 2317 ⁴
280 2321 354 2387 Jam
377 2342 451 2388 vero
475 2321 628 2386 audacius
644 2320 746 2386 multo
762 2318 820 2384 Al.
844 2316 1013 2405 Blesum)
1037 2321 1182 2405 exceptis
1214 2323 1376 2390 nonnullis

191 2430 425 2495 incursionibus
456 2427 592 2493 Thraces
612 2428 647 2492 in
668 2425 805 2493 Graecia
816 2415 928 2492 'fuisse
957 2427 1085 2492 omnino
1116 2433 1224 2510 negat.
1271 2428 1376 2513 Negat

192 2555 319 2620 quoque
358 2533 521 2620 Orpheum
562 2537 750 2618 ceterosque
789 2533 863 2598 illos
891 2536 980 2599 vates
1013 2534 1178 2600 fabulosos
1207 2534 1373 2603 Thraciam

191 2642 344 2723 originem
369 2641 520 2707 habuisse
545 2644 617 2707 ante
635 2638 883 2720 Onomacritum,
907 2639 964 2724 qui
979 2639 1141 2726 Orpheum
1165 2661 1238 2708 oum
1253 2642 1375 2728 Zagreo

190 2750 410 2815 coniunxisset
433 2753 466 2813 et
488 2749 622 2834 insuper
645 2752 779 2832 propter
800 2745 896 2811 huius
925 2766 997 2813 cum
1023 2743 1158 2813 Thracio
1181 2748 1307 2817 Baccho
1331 2753 1375 2818 si·

189 2855 562 2942 militudinem,Thracia
585 2856 715 2921 civitate
741 2853 935 2921 donavisset.
972 2851 1152 2940 Scriptores
1177 2861 1294 2942 autem,
1320 2861 1375 2946 qui

189 2962 330 3030 Thraces
353 2965 388 3028 in
405 2960 540 3029 Graecia
563 2962 620 3028 diu
642 2961 825 3028 habitantes
848 2961 1014 3044 fingerent,
1037 2962 1128 3028 velut
1154 2961 1374 3051 Thucydidem

189 3072 400 3137 Aristotelem
424 3069 592 3156 Ephorum
612 3067 802 3135 Strabonem
824 3071 857 3134 et
883 3072 995 3154 poetas
1022 3070 1161 3152 tragicos
1185 3069 1374 3158 Sophoclem

188 3175 442 3263 Euripidemque
465 3176 583 3262 partim
606 3176 697 3242 miris
712 3196 750 3241 ac
773 3195 871 3261 prope
887 3174 1033 3242 ridiculis
1058 3178 1219 3245 erroribus
1244 3180 1373 3248 delusos

189 3305 271 3368 esse,
300 3285 417 3371 partim
452 3283 491 3349 ab
516 3282 663 3368 Orphicis
697 3282 854 3368 pendere;
889 3282 1064 3368 plurimum
1098 3286 1196 3350 etiam
1233 3289 1374 3356 valuisse

188 3392 331 3474 Pierum,
361 3411 442 3476 quae
467 3389 590 3457 Graeca
617 3410 696 3473 gens
721 3392 820 3472 esset,
845 3409 917 3455 cum
941 3388 1118 3457 Thracibus
1142 3394 1371 3462 confusionem.

277 3502 322 3565 At
349 3499 481 3565 fuerunt
509 3498 604 3564 etiam
630 3501 703 3563 ante
726 3496 812 3562 huno
839 3497 900 3563 viri
913 3497 1027 3580 docti,
1064 3499 1120 3584 qui
1143 3503 1213 3565 tota
1240 3500 1298 3567 illa
1322 3523 1373 3570 ar-

187 3609 356 3688 gramenta,
391 3608 507 3694 quibus
540 3605 717 3673 Muellerus
752 3607 889 3673 confisus
925 3605 1067 3692 duplices
1101 3609 1201 3675 fuisse
1233 3609 1371 3678 Thraces
1448 3691 1451 3698 Ι

188 3719 360 3797 statuerat,
395 3715 561 3781 reicerent.
613 3714 663 3779 Ac
691 3714 813 3800 primus
843 3713 986 3799 quidem,
1023 3719 1175 3802 quantum
1205 3737 1263 3800 ego
1294 3720 1370 3800 scio,

187 3822 226 3885 Α.
251 3822 295 3887 de
320 3820 603 3906 Gutschmid11)
627 3820 765 3887 breviter
789 3823 822 3886 et
845 3823 891 3897 ὡς
913 3821 946 3886 ἐν
969 3822 1112 3910 παρόδῳ,
1137 3822 1192 3888 sed
1214 3823 1301 3890 haud
1323 3826 1371 3892 le·
1439 3905 1441 3917 Υ

186 4038 213 4089 p.
233 4020 285 4074 544
303 4019 319 4087 ξ
339 4020 437 4075 45211.
458 4047 491 4057 -
511 4013 535 4085 8)
554 4019 669 4073 Bernh.
688 4019 825 4085 Giseka,
853 4021 1164 4090 thrahischpelasgische
1184 4021 1301 4077 Stbmms
1327 4024 1372 4078 der

185 4108 518 4164 Belkanhalbinse11856.
546 4135 581 4146 -
610 4103 747 4174 ⁹)Aesoh.
767 4108 987 4176 Supp1.250-9
1007 4107 1153 4174 (Gisehel.
1173 4111 1190 4162 l.
1211 4128 1237 4179 p.
1257 4111 1303 4178 25)
1323 4113 1370 4168 Ge·

185 4203 271 4252 terum
302 4200 334 4252 do
358 4198 476 4266 Pelasgis
495 4199 529 4251 cf.
548 4199 576 4252 S.
589 4198 711 4264 Erech,
731 4197 804 4262 Quae
822 4202 924 4252 veteres
943 4199 976 4252 de
995 4198 1113 4267 Pelasgis
1131 4199 1287 4254 tradiderint
1306 4203 1370 4257 diss.

186 4289 276 4357 inaug.
297 4289 405 4343 Vretisl.
427 4287 497 4341 1884
518 4286 659 4356 (imprimis
678 4305 705 4356 p.
727 4287 758 4340 12
778 4284 847 4356 sqq.)
867 4313 901 4325 -
923 4282 956 4352 ²⁰)
976 4288 1024 4341 Al.
1043 4289 1153 4355 Riese,
1178 4288 1297 4356 Orpheus
1315 4292 1370 4346 und

184 4377 227 4430 die
254 4379 421 4445 mythischen
448 4380 564 4432 Thraker
592 4379 631 4432 Fl.
656 4377 715 4446 jhb.
749 4378 816 4432 1877
845 4394 872 4445 p.
892 4378 1044 4431 aar—240.
1073 4404 1108 4414 —
1139 4373 1171 4442 ¹¹)
1191 4380 1223 4432 A.
1243 4379 1269 4431 d.
1288 4379 1369 4434 Gut-
1499 4425 1501 4429 ι
