3136 5078
807 323 937 416 rr-

230 508 425 595 Aquilonem
449 515 482 577 et
503 509 686 597 Zephyrum
710 532 727 577 e
752 510 888 578 Thracia
915 517 1160 600 prorumpentes
1189 533 1300 598 eoque,
1329 519 1420 600 post

232 637 328 703 quam
352 619 431 683 satis
455 619 624 700 flaverunt,
654 618 826 685 redeuntes
850 615 1042 687 Homerus
1071 622 1105 686 in
1133 620 1261 687 Iliade
1291 620 1418 708 (11111136)

231 723 467 812 Thraciamque
490 727 635 813 appellat
649 726 842 813 Aquilonem
867 729 964 793 etiam
989 727 1186 795 Hesiodus
1210 730 1245 795 in
1268 729 1416 815 pulcher-

230 834 314 899 rima
335 833 393 898 illa
415 833 531 899 hiemis
556 833 826 920 descriptione.3⁷)
880 834 978 901 Cuius
1002 836 1117 902 similis
1148 837 1248 902 etiam
1279 833 1418 902 Graecos

230 939 399 1006 adiuverat
418 962 537 1024 magna
555 941 726 1008 Persarum
750 943 847 1008 classi
871 947 978 1025 strage
1001 944 1103 1024 illata,
1130 948 1163 1009 et
1186 964 1226 1010 ea
1248 943 1419 1010 eThracia

232 1067 402 1132 erumpens
426 1052 460 1115 et
474 1049 562 1134 apud
577 1048 739 1115 Athonem
755 1054 897 1117 montem
914 1055 947 1116 et
960 1055 1073 1136 postea
1089 1051 1174 1137 apud
1191 1052 1417 1118 Artemisium.

322 1154 432 1232 Quinti
458 1155 557 1238 igitur
592 1156 711 1222 saeculi
745 1163 861 1243 poetae
896 1157 977 1223 nihil
1011 1159 1088 1223 novi
1123 1159 1324 1242 invenerunt,
1361 1160 1418 1226 sed

233 1263 415 1348 opinionem
444 1267 586 1329 veterem
610 1266 644 1329 ct
667 1283 705 1329 ea
728 1270 836 1331 aetate
859 1266 1024 1347 uolgarem
1048 1267 1081 1331 in
1106 1286 1200 1331 suum
1222 1287 1318 1332 usum
1343 1287 1419 1333 ron-

143 1362 146 1367 ’
231 1374 404 1450 verterunt,
435 1390 520 1451 cum,
550 1391 696 1459 Q
709 1370 879 1457 Thraciam
904 1374 1061 1457 originem
1085 1374 1265 1456 significare
1289 1374 1418 1457 vellent,

230 1497 383 1566 pos-cum
407 1477 571 1565 Aquilone
595 1479 645 1564 (et
668 1477 833 1566 Orithyia)
862 1481 1103 1563 coniungerent.
1152 1479 1259 1548 Antea
1286 1502 1362 1547 vero
1387 1486 1420 1548 et

231 1585 266 1650 in
300 1566 420 1651 fabulis
455 1605 520 1651 non
542 1584 662 1652 Atticis
688 1589 762 1672 (aut
789 1607 853 1673 quo
876 1589 1057 1654 accuratius
1081 1587 1185 1654 dicam
1214 1588 1421 1656 Atheniensi-

231 1693 308 1778 bus)
343 1693 425 1759 hanc
462 1693 617 1775 originem
653 1693 705 1758 rel
734 1695 957 1777 cognationem
993 1697 1165 1778 genuinam
1193 1697 1294 1762 fuisse
1323 1700 1419 1781 atquc

232 1801 361 1867 omnino
376 1801 477 1867 fuisse
493 1822 586 1884 nego.
626 1800 717 1879 Quod
733 1802 761 1868 si
777 1801 921 1888 probavi,
946 1822 1028 1888 quae
1052 1803 1205 1889 deinceps
1228 1802 1417 1869 tractandae

231 1910 305 1991 sint,
329 1909 458 1976 fabulas
482 1929 520 1974 eo
545 1909 670 1975 facilius
694 1908 911 1994 expediendas
934 1912 1004 1976 lore
1028 1931 1134 1997 spero.

375 2447 419 2538 B.
469 2447 538 2539 DE
574 2445 827 2539 EUMOLPO
863 2446 1032 2540 TEREO
1066 2448 1276 2542 PHINEO.

245 2667 275 2738 I.
318 2667 386 2740 DE
413 2664 658 2739 EUMOLPO
685 2663 1081 2756 THRAOOEUSQUE
1095 2656 1405 2742 ELEUSINIIS.

325 2840 412 2918 Quae
447 2840 486 2907 de
515 2839 692 2907 Thracibus
725 2841 760 2904 in
790 2840 904 2905 Attica
932 2840 1009 2906 olim
1043 2840 1265 2908 habitantibus
1300 2842 1421 2908 tradita

233 2953 318 3029 sunt,
350 2950 398 3014 ita
426 2948 533 3013 omnia
562 2951 637 3013 sunt
665 2947 837 3013 coniuncta
864 2967 936 3012 cum
960 2946 1111 3037 Eumolpi
1138 2969 1285 3036 persona,
1315 2955 1362 3032 ut,
1392 2951 1420 3016 si

233 3056 272 3122 de
296 3056 362 3122 illis
386 3054 465 3140 quid
488 3057 568 3120 certi
593 3075 705 3120 eruere
730 3055 821 3137 velia,
847 3055 889 3120 ad
911 3053 1107 3142 Eumolpum
1132 3058 1241 3122 statim
1267 3057 1421 3124 acceden-

234 3162 310 3227 dum
334 3163 386 3227 sit.
433 3159 478 3227 Et
500 3161 577 3245 quia
599 3160 796 3245 Eumolpum
819 3183 884 3228 non
909 3183 1036 3249 semper
1058 3163 1146 3228 idem
1170 3166 1311 3231 valuisse
1335 3165 1421 3252 apud

234 3273 358 3337 veteres
381 3266 476 3332 facile
500 3271 569 3333 erat
593 3267 633 3333 ad
665 3269 932 3352 cognoscendum,
969 3270 1026 3337 sed
1055 3269 1192 3336 dirersis
1222 3273 1420 3358 temporibus

233 3398 270 3444 ao
301 3378 350 3444 vel
378 3374 521 3442 eiusdem
551 3375 667 3440 aetatis
696 3375 880 3442 hominibus
914 3375 1008 3462 plane
1041 3376 1168 3443 diversa
1205 3379 1274 3443 eius
1310 3379 1417 3462 imago

234 3486 350 3552 animis
377 3485 551 3550 informata
575 3487 635 3564 est,
671 3483 901 3569 disputationis
924 3490 1054 3552 nostrae
1079 3506 1207 3551 summa
1229 3487 1263 3551 111
1288 3507 1325 3552 eo
1350 3507 1420 3552 ver-

235 3595 298 3659 sari
340 3595 481 3678 oportet,
518 3610 601 3677 quae
640 3589 756 3656 horum
786 3592 928 3657 omnium
958 3594 1096 3675 genuina
1127 3593 1208 3676 sint,
1245 3595 1313 3660 sive
1344 3594 1422 3680 quid

233 3700 412 3786 Eumolpus
445 3700 573 3784 proprie
610 3698 848 3781 significaverit,
879 3719 959 3784 quae
990 3705 1106 3786 postea
1136 3701 1264 3766 demum
1296 3707 1328 3766 et
1352 3703 1422 3786 qui-

233 3807 371 3874 busnam
400 3806 440 3872 de
472 3807 579 3872 causis
606 3806 698 3872 illata
726 3807 806 3886 sint3
842 3810 912 3871 tum
948 3806 1080 3873 demum
1114 3806 1260 3891 intellegi
1289 3810 1420 3895 poterit,

233 3921 343 3981 utrum
370 3915 496 3995 integer
523 3912 714 3998 Eumolpus,
743 3933 785 3978 an
810 3914 840 3979 si
863 3914 969 3981 minus
993 3914 1105 4000 aliqua
1133 3919 1240 3981 tamen
1265 3920 1421 4002 exparte

234 4022 276 4089 ad
300 4019 438 4086 Thraces
462 4020 649 4087 referendus
673 4022 725 4086 sit.

232 4226 305 4309 euim
335 4226 360 4275 et
378 4220 554 4287 Pherecydes,
586 4219 645 4273 Lari
675 4225 769 4287 natus,
797 4222 861 4274 civis
893 4220 1074 4274 Atheniensis.
1109 4247 1143 4256 -
1177 4215 1211 4286 36)
1242 4224 1328 4276 Horu.
1361 4223 1378 4276 I
1404 4223 1420 4277 5

205 4308 339 4387 Λί-’Πορέης
358 4311 402 4364 καὶ
415 4308 549 4379 Ζέφυρος,
570 4309 608 4362 τώ
621 4329 651 4363 τε
668 4305 812 4380 θρῄκηθεν
825 4308 916 4379 ἄητον,
937 4312 968 4363 cf.
996 4310 1023 4362 Ψ
1035 4309 1085 4363 195
1099 4325 1158 4378 sqq.
1178 4310 1231 4364 230
1249 4314 1296 4364 ubi
1310 4314 1421 4365 Thracia

175 4390 212 4459 ἤ
234 4400 276 4453 rel
295 4402 411 4454 omnium
424 4404 561 4452 ventorum
579 4401 665 4466 patria
683 4399 800 4468 fingitur.
821 4427 854 4436 -
874 4393 908 4464 87)
928 4401 1001 4453 Hes.
1015 4401 1078 4453 Dies
1092 4397 1143 4453 506
1158 4415 1196 4468 sq.
1218 4401 1270 4454 553
1294 4400 1420 4471 θρηΐκιος
