3136 5078
809 303 849 381 14

232 523 375 588 possum.
394 503 515 572 Contra
526 508 678 590 quattuor
690 505 819 570 illorum
829 504 983 592 Eumolpi
994 504 1183 592 Triptolemi
1192 505 1280 574 Celei
1290 510 1419 575 nomino

231 615 266 676 et
287 611 416 678 fabulae
439 613 611 679 notissima
634 616 712 677 suut
735 632 775 678 ex
792 612 898 697 quinti
921 617 955 679 et
968 614 1205 699 insequentium
1221 616 1419 682 saeculorum

232 719 434 800 auctoribus3
457 739 562 805 neque
579 718 708 786 Diocles
732 720 905 804 obscurus:
930 725 981 786 est
996 721 1080 787 enim
1105 719 1300 804 aldegerico
1324 722 1421 789 heroe

231 827 286 890 vix
305 824 568 912 divellendus.4⁷)
601 825 665 903 Qui
681 827 809 912 quidem
826 828 854 894 si
871 828 932 894 soli
944 833 1020 894 sunt
1034 829 1175 911 genuini,
1191 835 1329 915 possunt
1344 851 1420 897 sano

177 1019 180 1023 .
233 953 275 998 ex
302 937 399 1000 acuta
420 934 578 1000 Alfredi
606 934 651 1000 de
676 932 959 1022 Gutschmid4⁸)
988 936 1171 1002 coniectura
1199 937 1421 1025 edquqttuqr

126 1122 128 1125 .
232 1039 392 1143 heims}
406 1040 595 1141 ,rhisus
621 1062 703 1141 ουν
727 1042 1288 1140 dicunte1‚..crledeeltrsericii·
1325 1044 1421 1112 Sum·

119 1140 122 1145 ’
232 1169 321 1213 mum
352 1168 427 1214 voro
462 1135 539 1231 est,
561 1138 645 1234 quod
669 1138 742 1216 ¹*iem
766 1134 803 1215 ii
829 1149 889 1216 hoo
922 1150 1042 1236 hymno
1077 1135 1298 1218 cum'Eereris
1332 1153 1422 1218 cultu
1536 1226 1539 1229 ,

231 1275 323 1339 reges
358 1257 601 1340 coniunguntur,
635 1256 670 1322 id
704 1258 790 1343 quod
825 1258 1040 1344 suspicionem
1076 1264 1184 1325 movet
1217 1279 1281 1325 non
1316 1261 1420 1328 solum

232 1364 379 1446 Geleum,
409 1363 534 1451 dequo
563 1385 627 1431 non
650 1367 745 1432 facile
769 1366 960 1449 ambigatur,
985 1365 1043 1432 sed
1067 1366 1166 1433 etiam
1189 1366 1326 1450 collegas
1350 1369 1420 1434 eius

231 1473 266 1537 in
290 1473 390 1538 sacris
419 1473 506 1538 illius
532 1473 650 1539 aetatis
678 1473 796 1540 fabulis
826 1473 900 1559 plus
930 1493 1026 1560 quam
1054 1474 1107 1540 hic
1133 1474 1254 1540 diserto
1281 1475 1421 1541 traditur

234 1582 372 1648 valuisse
408 1586 441 1646 et
474 1601 550 1647 sues
586 1601 746 1667 quemque
773 1585 883 1667 partes
910 1582 944 1646 in
968 1580 1047 1648 deae
1070 1583 1158 1649 cultu
1182 1582 1296 1664 egisse.
1341 1584 1420 1664 Aut,

132 1725 141 1736 ·
231 1689 393 1754 utstatim
409 1688 524 1772 dicem,
549 1689 626 1774 quid
642 1690 794 1755 sentiam:
818 1690 881 1755 iem
900 1689 965 1756 illis
980 1689 1193 1776 temporibus,
1210 1694 1285 1757 ente
1301 1689 1422 1756 bellum

233 1818 305 1864 oum
340 1797 594 1864 Atheniensibus
629 1803 770 1881 gestum,
810 1818 873 1863 non
908 1798 1013 1864 solum
1043 1796 1190 1881 Geleum,
1230 1797 1289 1864 sed
1323 1799 1421 1864 etiem

232 1903 426 1991 Eumolpum
473 1909 506 1971 et
537 1903 823 1992 Triptolemum49)
875 1903 1022 1992 (Diocles
1056 1907 1141 1973 enim
1175 1907 1209 1972 in
1243 1904 1421 1972 Eleusiniis

232 2013 351 2079 fabulis
373 2011 549 2098 intemidit)
575 2014 718 2100 exceptis
740 2013 803 2094 iis,
834 2032 916 2096 quae
945 2016 1060 2097 postea
1088 2012 1199 2079 eddim
1226 2031 1297 2078 esso
1319 2012 1423 2077 mani-

234 2120 351 2186 festum
376 2124 437 2197 est,
454 2123 524 2184 totu
545 2120 652 2187 indole
676 2124 710 2184 et
731 2121 764 2184 vi
779 2119 866 2186 heud
889 2120 971 2187 alios
993 2120 1093 2186 fuisse
1117 2139 1214 2205 quam
1237 2120 1290 2185 vel
1312 2120 1421 2205 quinto

233 2231 267 2293 et
285 2231 398 2313 quarto
414 2227 541 2293 saeculo
557 2227 704 2292 fuissent.
742 2224 892 2312 Namque
915 2231 950 2293 et
971 2227 1074 2312 ipsius
1098 2225 1177 2293 dece
1201 2226 1317 2308 cultus,
1341 2245 1421 2311 quo-

234 2353 305 2400 cum
345 2334 531 2415 cohaerent,
578 2333 637 2400 sub
676 2334 926 2400 Atheniensium
964 2333 1181 2399 dominatione
1226 2352 1422 2421 quamquem

235 2446 349 2508 auctus
373 2446 406 2506 et
428 2440 470 2506 ad
493 2461 651 2507 summam
675 2442 811 2524 gloriam
834 2445 931 2526 etque
954 2440 1179 2508 auctoritatem
1202 2441 1323 2522 elatus,
1358 2459 1422 2506 non

234 2553 343 2614 tamen
372 2549 500 2614 omnino
531 2553 745 2615 commutatus
768 2552 827 2615 est.
876 2549 979 2626 Quare
1008 2548 1037 2616 si
1066 2547 1144 2634 quid
1166 2547 1253 2635 apud
1274 2551 1422 2634 posteros

234 2661 381 2722 auctores
410 2657 592 2722 invenietur
615 2657 654 2723 de
678 2655 838 2742 Eumolpo
861 2656 1006 2742 priscum
1028 2660 1063 2721 et
1085 2657 1261 2738 genuinum
1284 2655 1422 2721 colorem

234 2785 311 2850 prae
341 2785 376 2830 se
405 2765 526 2846 ferens,
557 2763 599 2829 ed
625 2763 850 2830 illustrandam
878 2764 997 2829 veteris
1019 2761 1173 2849 Eumolpi
1195 2782 1368 2849 personam
1391 2767 1424 2828 et

236 3053 280 3104 καὶ
301 3052 413 3124 Δολίχου
442 3053 486 3105 καὶ
516 3053 623 3123 πατρὸς
651 3052 786 3122 ἀγήνορος
805 3053 951 3122 ἡμετέροιο
981 3048 1027 3118 [=
1046 3049 1171 3121 Keleai}
1196 3079 1231 3087 -
1250 3053 1318 3107 Sunt
1336 3056 1424 3107 summ

235 3144 291 3197 l‘ol.
312 3148 339 3196 et
357 3143 415 3195 Del.
440 3144 533 3196 ceteris
563 3143 673 3209 collatis,
702 3142 822 3212 ἀμένηνα
851 3143 969 3214 κάρηνας
998 3143 1031 3195 de
1058 3142 1193 3210 Polyxeno
1222 3142 1288 3195 nihil
1316 3142 1422 3196 aliunde

237 3237 349 3300 constet,
373 3234 425 3286 nisi
445 3233 478 3286 de
497 3233 604 3286 Medeae
622 3231 677 3286 lilio
696 3233 813 3301 cogitare
833 3232 898 3285 velis
918 3233 951 3285 ab
970 3232 1106 3285 Hellanico
1126 3232 1178 3301 (ep.
1199 3233 1278 3285 Pauo.
1296 3232 1329 3299 11,
1348 3231 1373 3297 3,
1394 3225 1437 3297 ‘ll'

236 3328 438 3377 commemorato
480 3318 538 3390 [qui
576 3326 665 3375 tomen
702 3322 816 3375 Atticam
856 3322 1084 3389 interpolationem
1113 3323 1245 3389 preberet3
1283 3325 1324 3375 est
1352 3322 1423 3374 enim

235 3415 327 3466 hdedee
345 3412 458 3465 Athenis
479 3413 557 3477 culta,
585 3427 640 3463 non
659 3409 812 3478 Eleusine];
841 3427 900 3463 oum
919 3410 1045 3463 Dolichus
1065 3411 1221 3479 Triptolemi
1239 3411 1319 3475 filius,
1343 3425 1422 3477 quem

237 3503 275 3556 St.
288 3502 320 3555 B.
340 3519 361 3556 s.
374 3518 398 3554 v.
420 3501 557 3573 Δουλίχιον
575 3506 603 3552 et
614 3501 690 3552 Eust.
710 3500 786 3553 Hom.
799 3499 822 3552 B
837 3499 889 3552 625
902 3499 1018 3551 Dulichii
1036 3501 1140 3553 insulae
1158 3499 1296 3564 ἐπώνυμον
1313 3498 1422 3565 faciunt,

237 3591 360 3643 euescio
379 3606 431 3657 quo
450 3595 555 3643 auctore
569 3605 602 3642 ex
620 3590 712 3656 hymni
730 3588 787 3641 loco
806 3587 884 3642 fictus
904 3590 1024 3641 videatur
1042 3584 1089 3654 [cf.
1100 3590 1181 3642 etiam
1200 3588 1342 3652 Lobeck,
1362 3588 1422 3657 Agl.

238 3696 264 3747 p.
285 3677 358 3746 212].
379 3704 413 3715 —
433 3674 467 3743 ⁴⁷)
488 3678 526 3732 Gt
546 3679 711 3732 Boumeister
730 3679 762 3731 ed
782 3679 808 3730 h.
827 3678 846 3730 1.
882 3678 914 3731 U.
934 3678 959 3730 d.
979 3678 1208 3744 Wilemowitz‚
1236 3677 1346 3730 Hermes
1373 3677 1423 3746 IX,

238 3787 264 3839 p.
284 3769 384 3824 32011.
406 3770 428 3822 l.
466 3769 551 3823 Plut.
571 3769 648 3821 Thes.
671 3768 703 3822 10
731 3770 762 3820 ol
789 3769 826 3821 δὲ
849 3766 1050 3837 Μεγαρόθεν
1078 3771 1347 3837 συγγραφεῖς...
1372 3787 1422 3837 φα·

238 3879 317 3912 σιν..
341 3859 432 3930 θησέα
445 3859 497 3930 οὐχ
509 3860 556 3912 ὅτε
570 3859 601 3912 τὸ
620 3862 726 3928 πρῶτον
744 3857 871 3923 ἐβάδιζεν
884 3858 924 3918 εἰς
940 3853 1068 3926 Ἀθήνας,
1087 3853 1142 3909 ἀλλ’
1164 3855 1275 3926 ὕστερον
1290 3851 1424 3910 Ἐλευσῖνά

238 3969 268 4003 τε
287 3950 384 4016 λαβεῖν
403 3948 551 4020 Μεγαρέων
575 3950 689 4020 ἐχόντων
718 3945 763 4014 [cf.
782 3966 810 4002 n.
829 3945 876 4015 37]
902 3948 1161 4018 παρακρουσάμενον
1181 3945 1295 3999 Διοκλέα
1313 3948 1360 4000 τὸν
1377 3944 1423 4017 ἅρ-

236 4058 320 4111 χοντα
340 4041 394 4092 κτὲ.
441 4040 480 4093 De
504 4039 578 4092 cultu
596 4039 694 4092 Dioclis
717 4039 949 4107 ellegerensibus
967 4039 1090 4091 instituto
1115 4037 1238 4104 ludisque
1262 4037 1374 4092 Diocleis
1398 4053 1423 4088 v.

239 4131 349 4183 Theocr.
379 4129 411 4194 ll,
440 4127 474 4182 29
506 4145 565 4182 cum
594 4128 711 4195 scholiis,
739 4130 769 4181 E.
794 4127 904 4180 lliller
927 4128 960 4181 ed
984 4129 1009 4180 h.
1035 4128 1052 4179 1.
1080 4127 1109 4181 in
1137 4128 1215 4181 tertie
1244 4124 1424 4179 commentarii

240 4219 416 4272 Fritzschieui
435 4220 559 4272 editione.
585 4244 619 4255 —
643 4211 678 4283 ⁴⁸)
698 4217 781 4281 Quom
800 4219 829 4270 in
853 4217 951 4270 scholis
969 4217 1084 4285 publicis
1101 4217 1151 4269 viri
1170 4215 1316 4271 doctissimi
1334 4213 1423 4266 eudire

238 4309 303 4362 mihi
321 4307 440 4373 contigit.
460 4332 495 4343 —
514 4301 549 4371 ⁴⁹)
569 4307 660 4374 Neque
679 4307 793 4361 nominis
813 4305 974 4374 etymologis
992 4305 1174 4359 Lehrsiena
1201 4319 1241 4357 me
1270 4307 1351 4358 terret
1378 4301 1423 4368 (ci.

240 4398 270 4452 U.
291 4399 323 4451 de
344 4396 526 4464 Wilemowitu,
554 4397 611 4451 Ans
629 4397 772 4464 Kydotben
791 4411 818 4463 p.
840 4394 891 4449 132
910 4413 937 4450 n.
957 4392 1013 4462 51),
1037 4411 1104 4464 quoe
1122 4395 1189 4448 nihil
1208 4394 1279 4447 aliud
1301 4394 1425 4462 probaret
