3136 5078
636 345 797 419 ,81

279 539 373 608 Certe
396 544 435 606 ut
453 543 541 607 totus
563 539 618 606 ille
634 541 717 607 liber
739 542 787 607 ita
800 542 943 607 maxime
958 540 1056 609 Rhesi
1070 563 1158 609 mors
1175 542 1369 626 singularem

188 649 221 714 in
252 647 351 715 Iliade
383 648 488 714 looum
522 654 621 715 tenet.
680 647 745 716 Sed
775 670 817 715 ex
840 651 910 716 sola
931 649 1072 718 Dolonia
1099 650 1180 716 nihil
1215 653 1295 718 certi
1330 651 1369 719 de

187 755 284 823 Rhesi
306 757 410 840 figura
433 762 519 824 esset
542 756 736 838 eruendum,
769 758 905 841 eogitari
927 763 1038 845 posset
1060 763 1118 825 aut
1141 760 1269 826 omnino
1296 761 1371 826 fieta

188 885 260 931 esse
279 869 412 951 aposta
428 869 486 931 aut
498 885 539 931 ex
558 869 665 933 vetere
684 868 794 953 aliqua
810 867 920 934 fabula
936 867 969 932 in
982 866 1079 934 huius
1092 888 1191 933 usum
1202 868 1370 935 translata.

279 972 343 1041 Sed
388 993 516 1040 omnem
559 972 792 1040 dubitationem
839 975 927 1041 tollit
964 974 1192 1059 tragoedia,
1229 974 1268 1041 de
1305 996 1371 1062 qua
1400 1039 1407 1058 ,

186 1081 226 1148 U.
244 1082 274 1148 d.
287 1079 609 1167 Wilamowitzfflss)
632 1083 692 1148 hoo
715 1084 778 1149 fert
792 1082 965 1148 iudicium:
983 1081 1056 1165 ,Die
1073 1082 1231 1166 Tragodie
1246 1083 1369 1151 Rhesos
1451 1137 1453 1142 .

186 1191 232 1258 ist
260 1191 331 1256 eine
355 1189 638 1277 Dramatisierung
667 1188 724 1257 der
750 1189 888 1271 Dolonis
916 1189 982 1256 und
1006 1191 1130 1258 eumen
1164 1192 1244 1259 doeh
1273 1193 1370 1279 nge,

186 1299 238 1366 die
268 1300 344 1364 weit
372 1298 623 1364 altertsemlioher
657 1299 705 1364 als
734 1298 804 1364 ihre
833 1298 970 1382 Vorlage
1005 1299 1093 1365 sind:
1130 1300 1177 1365 sie
1212 1304 1371 1369 stammen

186 1406 395 1472 unmittelbar
432 1404 509 1472 oder
547 1407 712 1474 mittelbar
747 1427 807 1474 aus
842 1405 898 1473 der
935 1406 1143 1474 thralrisohen
1172 1407 1369 1492 Volkssage.’

185 1516 293 1599 Atque
317 1534 392 1580 eum
427 1514 534 1580 losum
564 1514 615 1580 vir
642 1514 756 1582 doetus
781 1516 903 1601 optimo
926 1515 998 1582 iure
1026 1517 1155 1601 pressit,
1191 1537 1253 1603 quo
1277 1515 1372 1584 Musa

185 1624 243 1689 filii
274 1627 395 1689 sortem
419 1627 452 1689 et
482 1621 699 1689 conditionem
728 1627 848 1689 narrat.
898 1622 930 1689 Α
963 1621 1133 1709 Strymone
1164 1644 1199 1691 se
1229 1624 1371 1693 Rhesum

185 1731 366 1817 peperisse,
405 1735 534 1816 partum
574 1750 649 1797 vero
684 1731 819 1819 pudore·
842 1735 1035 1798 commotam
1068 1733 1101 1797 in
1134 1732 1266 1799 fluvium
1299 1754 1371 1801 oon-

185 1837 375 1925 iecissem)
403 1838 459 1904 uhi
482 1859 502 1904 a
527 1837 685 1925 Nymphis
709 1838 865 1932 educatus
878 1845 1003 1926 postea
1026 1839 1184 1932 Thracum
1209 1848 1378 1925 repurgasset,

186 1947 301 2012 faetus.
342 1944 458 2012 Cetera
482 1947 548 2012 iam
572 1947 679 2013 omnia
695 1967 736 2012 ex
751 1948 888 2014 Achillis
911 1949 1090 2014 imitatione
1113 1954 1245 2035 aposta
1261 1950 1371 2017 addita

187 2061 279 2120 sunt:
292 2059 325 2120 et
336 2053 527 2121 huiodivina
540 2060 642 2121 mater
655 2060 706 2120 est
718 2055 900 2138 vaticinata,
913 2076 953 2121 ne
963 2053 1091 2121 Troiam
1102 2057 1370 2142 proficisceretur,

185 2163 241 2230 uhi
265 2164 295 2228 ei
319 2184 360 2230 ex
383 2164 450 2229 fato
473 2162 676 2230 moriendum
698 2165 791 2230 foret.
838 2163 902 2232 Sed
930 2164 996 2229 iam
1026 2162 1104 2250 quid
1128 2163 1267 2230 Rhesum
1296 2169 1371 2250 post

184 2276 321 2336 mortem
343 2276 473 2338 maneat
495 2270 677 2338 videndum.

301 2419 328 2463 v.
354 2403 436 2466 962:
460 2398 515 2463 οὐκ
539 2397 595 2463 εἶσι
619 2399 709 2482 γαίας
731 2401 776 2475 εἰς
797 2401 988 2489 μελάγχιμον
1011 2400 1106 2465 πέδον

299 2633 328 2676 v.
354 2617 435 2680 970:
459 2615 593 2701 κρυπτὸς
615 2609 679 2678 δ’ἐν
702 2613 825 2701 ἄντροις
849 2620 903 2704 τῆς
926 2615 1107 2702 ὑπαργύρου
1128 2614 1246 2704 γδονδς

459 2719 735 2810 ἀνθρωποδαίμων
759 2723 889 2787 κείσεται
911 2723 1040 2807 βλέπων
1064 2725 1146 2809 φάος

460 2831 585 2920 Βάκχου
608 2832 772 2920 προφήτης
795 2832 877 2895 ὥστε
903 2831 1066 2915 Παγγαίου
1089 2831 1207 2918 πέτραν

461 2935 566 3028 ᾤκησε
589 2942 703 3026 σεμνὸς
725 2943 817 3004 τοῖσιν
842 2939 953 3004 εἰδόσιν
977 2937 1063 3016 dede.

276 3060 338 3128 Est
374 3083 451 3128 sane
480 3063 604 3130 Rhesus
633 3085 653 3129 a
680 3069 778 3151 poeta
806 3084 880 3130 eum
910 3063 1037 3151 Orpheo
1073 3065 1145 3130 aliis
1180 3065 1251 3130 eius
1285 3062 1372 3129 modi

187 3171 298 3252 figuris
327 3171 531 3251 soniunotus,
561 3175 594 3236 et
621 3175 709 3237 totus
738 3172 829 3238 loeus
854 3171 1029 3259 Orphicum
1059 3172 1199 3259 quuem
1235 3171 1385 3237 colorem>

188 3298 263 3363 prae
299 3298 333 3344 se
373 3279 454 3361 fert,
488 3299 593 3365 neque
635 3300 709 3345 vero
745 3299 817 3345 eam
847 3281 887 3346 oh
916 3300 1046 3345 oausam
1082 3281 1189 3346 omnia
1223 3299 1305 3367 quae
1340 3281 1373 3344 in
1404 3352 1406 3356 ¹
1534 3266 1537 3273 ’

186 3385 309 3468 tragico
333 3385 438 3452 Rheso
463 3385 501 3452 ab
526 3385 625 3452 Iliade
651 3385 777 3453 diversa
793 3391 870 3453 sunt
893 3376 971 3452 fieta¹
991 3407 1062 3453 esse
1087 3391 1144 3453 aut
1167 3387 1206 3453 ab
1224 3386 1373 3475 Orphiois

187 3498 246 3561 aut
281 3496 320 3561 ab
355 3494 452 3561 huius
487 3494 671 3576 tragoediae
706 3499 804 3581 po'e'ta
840 3494 1044 3563 statuendum
1081 3499 1140 3561 est.
1204 3493 1373 3562 Summum
1505 3502 1508 3508 '

188 3609 248 3686 est,
273 3603 359 3688 quod
384 3623 456 3668 oum
471 3602 590 3695 Baoohi
608 3604 925 3688 oultueoniungitur,
951 3604 1041 3671 ouius
1058 3604 1222 3670 oraculum
1245 3606 1278 3670 in
1302 3605 1373 3692 ipso

186 3712 332 3795 Pangaeo
371 3717 479 3779 monte
517 3700 592 3798 per*
615 3713 736 3800 multa¹
755 3713 883 3778 saeoula
924 3711 1018 3778 Bessi
1056 3710 1194 3778 Thraoes
1233 3710 1373 3778 eustodi-

186 3825 310 3886 verunt.
369 3819 460 3899 Quod
480 3904 482 3908 Ι
501 3817 662 3886 Homerus
704 3819 839 3886 eandem
870 3819 967 3886 Rhesi
1007 3821 1148 3907 patriam
1182 3821 1234 3886 vel
1269 3821 1372 3906 patris

186 3930 315 3997 nomine
359 3928 494 4011 indieat,
541 3928 589 3993 ita
632 3929 736 3994 solum
778 3927 1005 4013 explioandum
1042 3926 1182 4010 videtur,
1227 3931 1265 3993 ut
1307 3929 1372 3995 iam

190 4037 363 4114 Δολωνείας
384 4039 499 4120 poetae
523 4074 565 4085 -
581 4035 634 4101 vel
649 4035 697 4118 ei,
722 4055 817 4121 quem
840 4034 892 4100 hio
916 4039 1045 4101 secutus
1069 4040 1135 4115 est,
1158 4056 1264 4121 neque
1288 4037 1371 4103 enim

186 4146 285 4211 refert
308 4183 350 4193 -
374 4142 472 4208 Rhesi
495 4144 529 4208 in
553 4141 689 4208 Thracia
713 4143 835 4208 oultum
858 4146 971 4212 notum
993 4142 1093 4208 fuisse
1118 4147 1310 4209 statuamus.

185 4280 401 4289 ——-.-—

187 4362 213 4414 p.
244 4345 262 4397 4
293 4343 361 4415 sqq.)
393 4348 464 4398 certe
496 4345 545 4397 soli
580 4345 672 4412 podtae
708 4344 801 4413 culpae
832 4344 948 4398 dandum
981 4349 1030 4396 est.
1059 4370 1092 4381 -
1126 4339 1173 4409 306)
1201 4347 1233 4400 U.
1257 4348 1281 4399 d.
1306 4346 1370 4398 Wi-

187 4435 358 4502 lemowitz,
386 4436 484 4488 homer.
513 4435 753 4503 Untersuehungen
781 4433 898 4509 p.3413.
927 4461 961 4469 -
991 4427 1036 4497 ³⁰⁷)
1065 4432 1103 4486 Gi.
1131 4438 1306 4490 narrationem
1339 4435 1371 4487 de

1156 4524 1172 4575 6
