3136 5078
764 319 805 382 37

190 520 304 581 tutem
323 514 482 596 significet
483 510 553 598 1³⁹)
606 511 736 596 lemque
757 509 917 595 Procne,
907 529 942 574 ιιι
965 509 1126 577 communi
1149 507 1316 629 Bacchico
1330 511 1380 576 fu·

189 641 263 688 rore
269 621 361 706 ‚ipsa
383 617 530 687 Bacchae
551 619 734 701 insignibus
757 620 885 702 ornata,
904 635 1047 685 sororem
1082 615 1213 685 asciscit
1247 576 1384 703 eidsqdii

191 729 225 794 in
251 726 398 794 Tereo
387 727 521 794 minues
555 725 730 794 ulciscitur
734 722 793 808 1⁴0)
838 722 1069 809 Itys‚Proeucs
1098 727 1132 793 et
1166 722 1262 793 Terei
1294 725 1393 806 lilius,

190 838 352 901 mactatus
375 833 462 920 patri
485 833 576 901 cibus
599 832 799 919 proponitur,
825 831 880 916 qui
902 830 959 899 ubi
983 830 1088 898 scelus
1111 831 1152 899 ah
1175 832 1247 917 ipse
1259 831 1380 899 Procne

184 941 347 1028 ,comperit
371 941 532 1022 fugientes
562 958 689 1008 sorores
712 943 855 1007 armatus
879 934 1155 1024 perequitans-4¹)
1201 937 1266 1011 Sed
1289 943 1381 1010 ente

191 1070 286 1135 quam
309 1069 364 1116 eas
388 1048 485 1134 cepit,
509 1050 676 1113 mutantur
697 1066 809 1115 omnes
833 1047 866 1115 iu
887 1065 974 1126 ares,
997 1042 1118 1115 Procne
1141 1045 1176 1115 in
1198 1044 1379 1129 lusciniam,

189 1156 365 1223 Philomela
387 1157 421 1225 in
443 1154 659 1235 hirundinem,
683 1154 802 1224 Tereus
825 1156 860 1223 in
882 1173 1035 1240 upupam.

282 1262 498 1331 Commutatio
521 1264 594 1348 ipsa
620 1264 655 1353 in
682 1280 800 1332 scaeua
822 1263 892 1330 fieri
916 1265 1003 1331 certe
1026 1281 1090 1330 non
1113 1263 1228 1347 potnit.
1276 1261 1381 1331 Welo-

192 1373 290 1439 kerus
318 1391 359 1437 ne
394 1374 607 1438 commutatos
635 1369 766 1456 quidem
793 1369 828 1437 in
856 1387 1007 1437 scaenam
1038 1368 1198 1455 prodiisse
1224 1371 1381 1455 probavit,

190 1477 246 1545 sed
282 1496 351 1543 rem
386 1497 406 1545 a
441 1476 501 1545 deo
536 1476 642 1562 aliquo
673 1475 861 1561 (Mercurio)
895 1478 1069 1545 nermtem.
1121 1474 1195 1547 Huc
1221 1478 1380 1562 pertinere

188 1585 345 1669 Aeschyli
380 1582 464 1671 quod
496 1585 692 1653 Aristoteles
725 1582 827 1653 tradit
860 1584 1077 1664 fragmentum
1113 1589 1178 1654 297
1213 1583 1380 1670 (Nauck);

190 1711 315 1758 errasse
351 1692 437 1758 enim
471 1710 699 1775 nonuunquam
722 1690 929 1759 Aristotelem
964 1690 998 1754 iu
1027 1689 1164 1759 citandis
1194 1691 1380 1764 auctoribus

189 1798 360 1865 luculentis
384 1798 542 1883 exemplis
567 1794 788 1881 ostendit142)
819 1797 875 1862 'Ac
896 1816 936 1862 ne
962 1796 1001 1864 de
1025 1817 1063 1867 co
1086 1796 1215 1883 quidem
1238 1797 1380 1869 dubitari

188 1926 283 1990 posse
306 1904 448 1985 videtur,
478 1904 555 1990 quin
579 1923 691 1971 versus
713 1902 761 1969 illi
783 1903 893 1971 decem
923 1902 963 1971 de
990 1924 1101 1991 upupa
1131 1906 1322 1990 praesertim
1346 1907 1380 1971 iu

188 2013 315 2092 dialogo
344 2010 450 2098 (aliud
478 2016 528 2079 eet
554 2011 686 2079 fabulae·
706 2011 844 2081 alicuius
867 2011 903 2081 iu
926 2011 1042 2093 choro,
1070 2011 1161 2078 eliud
1194 2012 1229 2077 in
1251 2010 1379 2093 dialogo

188 2123 339 2187 accurate
373 2120 654 2204 commemoratio>
679 2119 768 2185 nullo
808 2117 904 2188 modo
934 2138 976 2190 ex
1006 2118 1179 2189 cuiuslibet
1212 2118 1380 2201 tragoedis

187 2228 384 2310 argumenti,
420 2225 477 2292 sed
512 2246 553 2294 ex
589 2226 657 2292 solo
682 2223 785 2293 Tereo
814 2226 922 2311 aliquo
951 2226 1003 2297 vel
1031 2227 1174 2299 eiusdem
1200 2228 1380 2309 argumenti

186 2335 296 2401 fabule
328 2335 423 2420 petiti
457 2335 537 2413 sint3
572 2352 676 2418 neque
711 2353 787 2399 vero
817 2332 857 2397 de
879 2332 1034 2419 Aeschyli
1067 2332 1167 2405 Tereo
1196 2338 1253 2400 auc
1281 2334 1380 2405 simili

161 2443 296 2527 salique
329 2440 497 2522 tragoedis
525 2439 701 2524 quidquam
729 2443 871 2521 constat,
906 2444 946 2505 ut
968 2440 1051 2509 illud
1074 2441 1262 2509 omittemus
1286 2441 1379 2506 seho-

114 2540 151 2602 {c
176 2547 302 2614 *lisstse
326 2544 740 2632 testimonium‚Sophoclis
762 2546 982 2633 primifuiese
1007 2545 1144 2619 Tereum
1167 2548 1377 2631 tragoediam.

188 2652 372 2721 Welckerus
406 2672 447 2721 ue
470 2651 701 2738 Aristophanis
734 2651 863 2737 quidem
898 2653 987 2722 iocos
1021 2652 1062 2719 de
1095 2651 1188 2722 Terei
1223 2655 1275 2721 sui
1310 2656 1379 2721 sire

188 2759 323 2846 Upupse
347 2761 470 2827 comica
491 2779 637 2845 persons,
661 2759 712 2828 eui
735 2758 906 2828 ridiculum
924 2765 1013 2831 esset
1026 2765 1167 2832 rostrum
1183 2782 1203 2831 a
1219 2759 1379 2847 Sophocle

188 2961 284 3015 δίδωσι
302 2961 373 3030 πρὸς
383 2961 482 3029 γάμον·
504 2960 535 3020 ὃς
548 2960 582 3020 ἐξ
599 2961 704 3032 ἐκείνης
717 2956 785 3016 Ἴτυν
803 2955 889 3032 γεννᾷ.
904 2961 997 3031 χρόνῳ
1018 2961 1051 3014 δὲ
1069 2963 1085 3012 ο
1102 2956 1208 3030 Τηρεὺς
1225 2963 1255 3019 ἐκ
1272 2956 1380 3037 lippiens

188 3049 276 3101 ἐλθὼν
291 3044 420 3118 Ἀθήναζε
439 3048 574 3113 λαμβάνει
598 3049 642 3101 καὶ
667 3051 714 3119 τὴν
738 3046 891 3119 Φιλομήλαν
909 3051 1024 3120 ἀπάγειν
1043 3050 1113 3119 πρὸς
1132 3050 1180 3121 τὴν
1195 3047 1319 3121 Πρόκνην
1338 3052 1378 3111 εἰς

192 3130 306 3204 θρᾴκην,
345 3137 372 3186 ἐν
409 3134 501 3188 Αὐλίδι
538 3137 570 3188 δὲ
602 3140 651 3202 τῆς
681 3136 814 3198 Βοιωτίας
845 3138 1067 3209 ἀποπαρθενεύει
1105 3139 1150 3192 καὶ
1187 3140 1296 3211 ταύτην,
1333 3143 1378 3195 καὶ

187 3224 235 3292 τὴν
265 3223 351 3288 αὐτῆς
381 3223 501 3292 γλῶτταν
541 3224 656 3294 θερίζει,
698 3227 773 3286 ὅπως
802 3227 890 3296 μηδὲν
930 3227 1009 3298 ἰσχύῃ
1048 3228 1153 3297 φράσαι
1189 3224 1224 3300 τῇ
1254 3226 1376 3302 ἀδελφῇ·

188 3313 207 3386 ν)
234 3313 267 3364 δὲ
296 3313 336 3372 εἰς
362 3308 471 3384 θρᾴκιρν
500 3313 619 3367 ἐλθοῦσα
651 3311 690 3368 δι’
719 3315 874 3385 λειτουργίας
897 3316 929 3368 cd
960 3319 1014 3368 πᾶν
1044 3321 1172 3386 φανεροῖ·
1206 3315 1314 3388 Πρόκνη
1345 3321 1378 3374 δε

187 3403 233 3456 ’τὸν
261 3403 319 3455 υἱὸν
347 3403 531 3472 ἀποσφάξασα
554 3398 622 3459 Ἴτυν
650 3405 698 3458 ari
726 3402 805 3472 (quae
834 3405 907 3472 apud
934 3420 1025 3461 omncs
1048 3410 1150 3466 ueteres
1178 3404 1312 3470 redeunt).
1343 3433 1377 3445 -

188 3487 233 3559 139)
250 3494 391 3549 Aristot.
410 3498 459 3547 art.
478 3495 549 3561 poet.
572 3495 603 3547 16
624 3493 686 3564 εἴδη
705 3495 738 3551 δὲ
757 3495 965 3567 ἀνοῃωρίοειος
977 3533 984 3548 .
997 3530 1025 3549 .-.
1045 3495 1142 3567 πρώτη
1161 3496 1212 3562 μὲν
1231 3497 1248 3567 ν)
1267 3498 1375 3568 ἀτεχνι-

187 3584 266 3652 τάτη,
287 3581 364 3651 rideri
378 3587 432 3635 τῶν
444 3583 578 3657 oppedum·
593 3622 599 3635 .
614 3623 641 3640 ..
662 3583 718 3637 οἷον
806 3584 850 3641 καὶ
871 3586 900 3636 ἐν
920 3579 961 3657 τῷ
981 3582 1156 3654 Σοφοκλέους
1179 3582 1263 3657 Τηρεῖ
1279 3588 1315 3656 „i
1328 3589 1378 3654 τῆς
1411 3573 1413 3577 ¹

187 3671 314 3740 κερκίδος
332 3671 435 3742 ρονή“.
465 3700 499 3708 -
530 3666 575 3739 1⁴⁰)
594 3671 751 3727 Bacchicam
779 3674 893 3727 lumrem
922 3674 1096 3742 pulcherrime
1126 3675 1267 3743 descripsit
1296 3675 1375 3729 Ovi·

190 3760 281 3818 diust
305 3777 384 3828 quem
403 3762 560 3831 Sophoclem
589 3763 665 3829 sequi
683 3761 806 3816 uidimus.
848 3755 971 3816 totorum
990 3767 1017 3816 et
1036 3762 1174 3817 Ovidlus
1193 3768 1221 3819 et
1238 3765 1376 3832 Apollo·

187 3849 288 3901 dorus
318 3851 425 3918 singula
453 3851 557 3904 diverse
585 3855 706 3918 nument,
733 3853 763 3905 iu
791 3853 886 3920 quibus
915 3854 1069 3908 commereri
1088 3854 1158 3907 uolo.
1187 3879 1221 3890 -
1254 3848 1298 3918 ¹⁴¹)
1318 3855 1377 3909 Huc

185 3938 303 4005 pertinet
321 3941 366 3992 Ar.
385 3940 447 4009 Lys.
474 3939 527 3994 563
547 3940 644 4011 ἕτερος
668 3936 694 3992 δ’
716 3940 752 3995 οὔ
775 3935 852 4013 spes
866 3941 1230 4013 κέλχῃωείφνρρκρνῃρχ
1248 3943 1376 4014 conspe

190 4023 301 4096 Τηρεύς.
322 4053 355 4062 -
379 4022 422 4094 ¹ss)
441 4030 589 4084 Welclrcr
607 4031 626 4083 l.
645 4031 662 4085 l.
682 4046 709 4098 p.
729 4029 791 4085 384.
838 4031 1035 4087 Aristotelis
1064 4033 1138 4087 locus
1168 4040 1209 4085 est
1237 4034 1263 4087 h.
1283 4051 1306 4089 a
1325 4035 1374 4101 IX,

185 4115 220 4168 49
242 4133 269 4184 p.
285 4114 362 4169 cesa
383 4117 426 4182 19,
445 4120 517 4173 unde
535 4119 619 4173 Plin.
637 4137 665 4173 n.
679 4121 705 4173 h.
718 4121 754 4183 X,
775 4119 810 4172 86
830 4117 900 4187 (44),
919 4121 964 4189 qui
978 4136 1137 4189 quemquam
1150 4122 1275 4191 Aeschyli
1287 4124 1374 4178 locum
1441 4146 1446 4161 ι

187 4220 220 4257 ex
240 4206 383 4259 Aristotele
403 4207 573 4277 deprompsit,
592 4210 675 4263 nihilo
694 4211 782 4263 minus
801 4210 927 4278 Aeschyli
945 4226 1042 4263 nomen
1059 4211 1088 4263 in
1106 4216 1241 4265 suetorum
1261 4214 1375 4267 indicem

184 4295 328 4348 transtulit.
365 4295 420 4350 Sed
437 4297 533 4349 mirum
557 4299 649 4352 saltem
667 4299 819 4364 nobis,rem
838 4315 947 4366 prorsus
965 4315 1115 4369 perversam
1134 4297 1248 4366 (scilicet
1266 4318 1373 4370 upupae

183 4383 213 4435 in
231 4385 383 4451 accipitrem
403 4385 648 4454 commutationem)
666 4389 800 4457 Aeschylo
818 4389 975 4455 simpliciter
992 4389 1137 4444 credidisse
1151 4390 1320 4445 Aristotelem
1340 4408 1374 4444 ex
