3136 5078
822 301 865 365 ‘20

337 497 373 562 ln
414 498 487 583 ipsa
525 500 600 562 vero
639 498 748 582 pugna
785 496 984 562 Erechtheus
1024 493 1139 559 oooidit
1176 491 1431 580 Eumolpumw)

246 602 412 671 Hactenus
429 603 618 688 Apollodori
636 604 775 671 narratio
793 603 977 686 tragoediae
996 600 1190 688 Euripideae
1207 606 1432 685 argumentum

248 712 428 798 exprimere
451 710 587 776 videtur.
634 709 748 777 Restat
772 711 917 796 quaestio
947 709 985 775 de
1008 707 1179 775 Erechthei
1208 712 1312 774 morte
1337 728 1431 793 quam

248 819 304 904 qui
331 817 393 883 huo
424 820 552 905 proprie
581 839 644 885 non
672 820 738 884 iam
772 820 933 906 pertinere
971 817 1092 884 iudioet
1131 817 1289 882 corollarii
1323 820 1431 882 tamen

246 926 316 992 loeo
352 926 495 992 subioere
530 927 684 993 oonoedat
707 947 844 1013 quaes03
875 927 1011 992 forsitan
1037 927 1161 991 fruetus
1185 924 1259 990 inde
1286 925 1431 1010 quamvis

247 1033 382 1115 exiguus
416 1032 458 1098 ad
491 1037 636 1099 nostram
664 1054 732 1100 rem
753 1032 963 1099 redundabit.
1011 1032 1279 1099 Prolioisoendum
1314 1035 1365 1098 est
1390 1031 1428 1096 ab

137 1130 331 1316 sm
346 1137 516 1224 Euripidei
531 1140 601 1206 looo
618 1142 652 1226 (e
668 1139 810 1207 Creusae
827 1160 901 1205 eum
916 1140 992 1206 lone
1008 1139 1182 1226 oolloquio)
1199 1161 1249 1204 vv.
1264 1143 1429 1207 aut-82.

410 1265 493 1331 lent
529 1267 632 1354 πατὴρ
652 1264 821 1355 Ἐρεχθεὺς
844 1266 902 1342 σὰς
925 1264 1021 1330 ἔθυσε
1044 1266 1227 1349 συγγόνους;

428 1374 493 1438 ΚΡ.
530 1371 601 1461 ἔτλη
625 1376 687 1460 πρὸ
710 1374 799 1457 γαίας
822 1375 940 1459 σφάγια
964 1372 1143 1460 παρθένους
1166 1376 1295 1436 κτανεῖν.

410 1479 492 1544 led.
528 1480 566 1543 σὺ
588 1480 614 1543 d⁰
621 1480 782 1568 ἐξεσώθης
805 1484 874 1556 πῶς
897 1480 1085 1568 κασιγνήτων
1108 1481 1203 1568 ρόνιγ;

426 1588 491 1652 ΚΡ.
527 1587 651 1674 βρέφος
674 1589 797 1672 νεογνὸν
820 1589 940 1676 μητρὸς
962 1587 999 1676 ἦν
1024 1588 1057 1651 ἐν
1081 1588 1238 1669 ἀγκάλαις.

410 1693 492 1758 ΙΩΝ.
528 1695 650 1782 πατέρα
673 1695 702 1758 d'
731 1694 861 1784 ἀληθῶς
880 1696 991 1784 χάσμα
1015 1697 1069 1759 σὸν
1091 1695 1218 1782 κρύπτει
1237 1692 1368 1783 χθονός

427 1804 491 1868 ΚΡ.
527 1804 640 1891 πληγαὶ
664 1804 799 1892 τριαίνης
822 1803 945 1868 ποντίου
969 1803 1200 1889 σφ’ἀπώλεσαν.

335 1928 483 2014 Apparet
504 1947 639 2014 prorsus
660 1927 793 1993 eandem
814 1928 932 2015 respiei
955 1928 1109 2008 fabulam,
1134 1947 1232 2013 quam
1254 1948 1295 1993 ex
1310 1925 1429 1992 Erech-

244 2036 319 2102 theo
343 2036 505 2116 novimus,
534 2053 638 2120 neque
662 2035 709 2116 ei,
738 2034 824 2120 quod
846 2033 1046 2101 Erechtheus
1069 2034 1154 2100 lonis
1183 2035 1251 2100 loeo
1275 2038 1341 2099 tres
1365 2034 1429 2097 vir-

246 2145 337 2226 gines
365 2143 550 2207 immolasse
578 2140 709 2223 dieitur,
744 2141 792 2206 ibi
815 2139 857 2207 ad
887 2141 981 2207 nnius
1012 2140 1195 2228 exemplum
1223 2145 1346 2206 oeteras
1370 2160 1429 2204 sua

245 2268 343 2316 manu
370 2253 528 2330 mortuas,
558 2248 694 2312 nimium
724 2251 775 2313 est
801 2244 1070 2327 tribuendum.⁷⁸)
1118 2247 1253 2312 Videtur
1283 2251 1367 2312 terte
1397 2251 1429 2311 et

244 2342 297 2420 hio
323 2355 503 2441 perieulum
532 2354 572 2420 ab
600 2352 758 2440 Eumolpo
793 2355 964 2420 imnrinens
999 2375 1097 2421 eausa
1132 2355 1282 2420 saorifioii
1316 2355 1427 2419 fnisse.

246 2461 312 2529 Sed
335 2459 535 2528 Erechtheus
559 2461 676 2527 dieitur
698 2461 839 2527 tridente
862 2463 1049 2529 interfectus
1072 2466 1160 2527 terra
1182 2462 1329 2528 oeoultos
1346 2482 1427 2543 esse,

244 2590 359 2655 nempe
389 2590 410 2635 a
435 2568 603 2655 Neptun03
639 2570 690 2635 oui
718 2569 803 2635 enim
831 2569 894 2637 alio
924 2568 1046 2635 tridens
1080 2573 1191 2655 posset
1216 2569 1335 2635 tribui?
1386 2568 1430 2634 Et

245 2697 308 2762 qua
337 2676 521 2743 deoausa?
567 2677 613 2742 At
639 2677 803 2761 explicant
831 2696 899 2742 rem
928 2675 1075 2761 Hyginus
1110 2679 1160 2761 (et
1186 2674 1428 2761 Apollodorus),

230 2805 325 2870 ·quos
359 2785 425 2850 iam
459 2783 582 2870 pridem
617 2792 640 2848 'a
667 2783 834 2866 tragoedia
868 2782 1008 2868 pendere
1042 2783 1197 2847 vidimus:
1232 2781 1428 2868 Eumolpum

244 2892 347 2957 tilium
371 2894 405 2956 in
429 2911 484 2972 eo,
513 2890 568 2975 qui
591 2888 763 2972 oooiderat,
800 2890 869 2955 sive
899 2889 987 2976 ipse,
1024 2889 1092 2955 sive
1119 2909 1178 2975 per
1200 2887 1305 2954 lovem
1330 2890 1428 2955 uleis-

245 2994 388 3084 eitur.⁷4)
434 2995 524 3063 Haeo
557 3016 636 3062 num
671 2995 811 3078 genuina
844 2997 972 3062 fabulae
1007 2997 1110 3062 forma
1143 2997 1249 3077 fuerit,
1285 2995 1426 3080 dubium,

229 3212 433 3285 *rpeirodoue
464 3239 499 3253 -
527 3213 645 3283 Respicit
663 3215 730 3268 hano
757 3215 873 3268 fabulam
901 3220 927 3268 et
946 3219 1085 3282 suspectus
1103 3214 1147 3267 ille
1163 3214 1333 3282 Demaratus,
1352 3217 1427 3269 euius

243 3309 333 3358 umen
350 3305 450 3358 fontem
463 3303 622 3371 Euripideae
641 3305 746 3358 fabulas
764 3308 947 3372 argumentum
966 3318 1024 3356 ease
1044 3307 1143 3356 oenum
1163 3308 1217 3357 est:
1237 3304 1426 3357 Demaratus

241 3393 343 3461 magud.
372 3392 413 3457 (p,
432 3393 465 3446 Η.
484 3393 517 3446 G.
535 3394 582 3460 lV,
613 3390 679 3457 379)
708 3415 742 3438 ==
771 3393 808 3447 01.
829 3393 905 3446 Alex.
933 3397 1014 3460 protr.
1039 3393 1090 3461 ΙΙΙ,
1121 3394 1166 3447 12:
1193 3389 1340 3465 Ἐρεχθεὺς
1359 3392 1425 3443 deo

241 3477 356 3542 Ἀττικὸς
382 3479 439 3548 (καὶ
458 3479 562 3552 Μάριος
580 3484 595 3534 d
612 3476 755 3546 Ῥωμαῖος)
774 3482 824 3542 τὰς
843 3483 931 3535 αὐτῶν
950 3482 1087 3553 ἐθυσάτην
1105 3484 1269 3552 θυγατέρας,
1289 3479 1325 3532 ὧν
1343 3481 1358 3532 d
1376 3480 1426 3543 μὲν

245 3563 278 3641 τῇ
301 3566 491 3640 Φερρεφάπῃ,
519 3571 558 3631 ὡς
586 3569 615 3623 Δ.
637 3573 664 3622 ἐν
686 3565 705 3625 Ξ
728 3570 967 3640 τραγῳδουμένιυν.
995 3598 1029 3608 -
1060 3565 1093 3637 ⁷²)
1114 3572 1195 3626 Credo
1223 3572 1270 3624 uni
1289 3569 1424 3638 Apollo·

244 3659 332 3714 doro:
352 3656 410 3725 (10)
438 3660 584 3730 γενομένης
603 3660 635 3712 δὲ
662 3661 734 3727 μετὰ
761 3661 867 3731 σφαγὴν
885 3663 934 3728 τῆς
951 3661 1050 3734 μάχης,
1075 3658 1219 3734 Ἐρεχθεὺς
1245 3659 1296 3725 μὲν
1324 3657 1426 3711 ἀνεῖλεν

232 3746 392 3814 Εὔμολπον.
424 3774 457 3786 -
487 3749 706 3805 Wellmannl.
726 3751 743 3804 l.
771 3766 798 3819 p.
818 3749 865 3804 54:
886 3751 1058 3820 „Eumolpum
1078 3754 1115 3805 ab
1135 3750 1316 3804 Erechtheo
1339 3744 1378 3815 [i]
1397 3751 1425 3803 in

242 3838 376 3907 Euripidis
401 3839 492 3893 fabula
512 3838 679 3894 interfectum
708 3856 766 3894 esse
785 3841 903 3910 sequitur
925 3856 959 3894 ex
982 3841 1031 3910 frg.
1051 3839 1104 3895 355
1130 3839 1239 3904 ,οὐδεὶς
1257 3839 1426 3909 στρατεύσας

228 3923 323 3981 «ἄδικα
342 3931 396 3995 σιίς
414 3927 497 3997 ἦλθεν
516 3927 618 3982 πιίιὶιν.“ί
667 3930 747 3998 Hyp.
778 3946 852 3997 „eum
881 3937 952 3985 esset
970 3928 1137 3999 (Eumolpus)
1161 3930 1194 3982 ab
1218 3929 1425 3984 Atheniensibus

242 4016 423 4071 interfectus.“
460 4018 545 4072 Aliter
562 4018 750 4073 Pausanias
769 4036 794 4073 r.
811 4019 888 4073 infra.
909 4045 943 4056 ·-
963 4013 997 4087 Ρ)
1016 4020 1055 4074 cf.
1074 4019 1254 4073 Wellmann
1272 4020 1289 4072 l.
1308 4020 1325 4072 l.
1345 4037 1371 4088 p.
1389 4015 1424 4069 53

229 4121 269 4159 ‘n
289 4103 333 4159 53.
353 4099 387 4172 ²⁴)
405 4107 484 4177 Hyg.
503 4108 521 4160 l.
541 4109 574 4161 l.:
601 4105 784 4177 „(llumolpne)
803 4111 887 4163 rietus
906 4126 964 4164 oum
984 4110 1102 4165 exercitu
1121 4125 1181 4164 eum
1202 4111 1324 4164 essetab
1342 4108 1424 4162 Athe-

242 4195 383 4249 niensibus
402 4197 567 4264 interierint,
585 4197 733 4266 Neptunus,
751 4215 787 4253 ne
805 4199 853 4252 filii
872 4200 914 4253 eui
933 4206 1015 4255 morte
1033 4200 1194 4256 Erechtheus
1213 4201 1362 4262 metuetur,
1380 4210 1425 4247 ex-

183 4301 186 4310 ·
242 4284 393 4353 postularit,
411 4289 443 4339 ut
460 4286 518 4340 eins
536 4285 590 4340 iilia
608 4286 731 4356 Neptuno
749 4287 950 4342 immolaretur.“
973 4286 1034 4356 [Hie
1045 4289 1156 4344 fortasse
1169 4287 1264 4342 erravit
1275 4285 1398 4354 Hyginus
1404 4279 1423 4349 l]

243 4373 321 4442 ,Ipse
339 4373 504 4430 Erechtheus
521 4376 556 4430 ab
574 4376 645 4444 lore,
665 4376 783 4446 Neptuni
795 4381 896 4445 rogatu,
914 4379 1025 4433 fulmine
1039 4373 1273 4434 estiuterfeetue.“
1293 4399 1327 4412 -
1346 4374 1423 4444 Apd.
