3136 5078
789 321 829 381 ‘27

183 540 188 559 ι
216 511 431 579 Eleusiniam.
472 509 536 578 Sed
557 512 623 578 iam
639 512 747 578 omnia
770 515 968 577 commutata
988 511 1153 579 videntur:
1179 517 1231 579 est
1245 511 1286 578 ab
1302 511 1405 577 altera

215 625 309 707 parte
332 623 433 701 rates,
456 640 542 686 unus
566 639 607 686 ex
631 619 779 707 Orphieis
802 618 877 699 illis,
912 618 956 685 ab
977 619 1078 686 altera
1105 639 1177 686 oum
1202 619 1404 687 sacerdotum

217 733 312 810 gente
335 725 602 815 Eumolpidarum
625 716 839 809 coniungitur.
865 765 907 776 -
932 724 1016 793 Sunt
1038 727 1118 793 haee
1141 732 1227 794 uerte
1251 728 1332 794 satis
1356 727 1402 792 di-

216 854 311 900 versa
334 835 368 900 in
391 854 454 901 uno
478 834 626 920 quamvis
648 833 786 900 fabulari
807 832 952 900 homine!
1076 906 1079 911 ,

308 941 373 1009 Sed
395 942 460 1007 iam
484 940 524 1008 de
548 941 684 1023 singulis
719 940 895 1007 videamus.
953 939 998 1007 Ut
1030 942 1065 1007 in
1101 942 1248 1010 omnibus
1283 944 1405 1010 fabulis

219 1049 350 1117 Graeois
373 1049 573 1136 explicandis
597 1048 780 1114 certissima
805 1049 1015 1115 fundamenta
1043 1069 1082 1116 ea
1105 1054 1195 1131 sunt,
1231 1071 1314 1136 quae
1336 1055 1404 1116 tra-

217 1158 359 1225 dentium
384 1161 551 1224 auetorum
577 1159 683 1222 aetate
706 1161 942 1237 remanserunt,
969 1175 1007 1223 ao
1028 1158 1171 1223 maxime
1199 1156 1330 1243 quidem
1353 1179 1403 1239 ea,

218 1285 300 1351 quae
323 1264 365 1330 ad
389 1265 510 1331 cultum
535 1263 729 1363 deorumt
696 1268 729 1330 et
752 1284 863 1331 saeros
886 1265 1098 1331 oaerimonias
1126 1266 1309 1350 permulta
1333 1284 1404 1330 sae-

216 1373 289 1439 oala
318 1372 507 1458 plerumque
529 1372 582 1457 pie
603 1360 775 1439 oonservat
776 1392 812 1437 as
836 1373 1015 1457 pertinent,
1044 1373 1123 1438 ita
1113 1393 1148 1438 ιιι
1170 1377 1283 1440 nostra
1305 1391 1405 1438 eausa

217 1501 237 1546 a
264 1478 367 1546 nobili
389 1477 446 1544 illa
477 1482 511 1545 et
533 1498 691 1545 summam
717 1480 887 1546 vetustatis
923 1481 1064 1565 speeiem
1098 1500 1176 1568 prae
1211 1501 1246 1546 se
1280 1481 1405 1547 ferente

216 1585 504 1679 Eumolpidarum
519 1591 634 1670 gente
635 1587 784 1663 initium
818 1588 881 1652 erit
917 1588 1109 1654 faciendum.
1167 1587 1255 1654 Inter
1293 1607 1404 1654 omnes

217 1697 345 1759 constat
367 1714 546 1816 summum·
559 1694 642 1760 hano
670 1693 756 1816 apud
784 1693 910 1760 Cereris
942 1700 975 1760 et
1002 1694 1234 1790 Proserpmae
1241 1696 1405 1791 templum

217 1908 297 1974 alios
319 1884 455 1975 honores
478 1889 565 1994 myst
565 1853 706 1978 ariorum
735 1909 889 1977 administ
874 1911 972 1976 tratis
996 1910 1119 1993 obtigit.
1134 1908 1191 1997 ¹⁰³)
1239 1910 1322 1977 Cum
1344 1911 1405 1977 hao

217 2017 318 2100 igitur
353 2020 449 2098 genta
483 2017 549 2083 iam
577 2016 664 2104 apud
692 2021 819 2084 veteres
847 2018 1013 2101 coniungit
1013 2038 1052 2084 ur
1077 2015 1276 2104 Eumolpus,
1306 2023 1405 2104 atque

217 2125 452 2190 coniunxerunt
486 2145 597 2191 omnes
632 2125 682 2194 illi
715 2130 877 2208 auctores,
916 2126 981 2211 qui,
1016 2146 1059 2192 ne
1093 2126 1247 2193 barbarus
1283 2125 1406 2192 advena

216 2234 372 2318 mysteria
419 2233 600 2299 instituisse
650 2231 811 2299 dioerstur
862 2236 976 2318 postea
1025 2232 1204 2318 peregrinis
1257 2231 1405 2299 omnibus

216 2341 390 2423 inundasse,
422 2341 503 2407 duos
526 2341 691 2406 finxerunt
712 2338 889 2426 Eumolpos
918 2345 976 2406 aut
1007 2341 1106 2406 etiam
1128 2340 1249 2425 plures.
1296 2341 1406 2425 Atque

218 2449 344 2514 etiamsi
378 2448 460 2513 nihil
494 2448 650 2513 nuditum
673 2452 769 2528 esset,
794 2446 1059 2532 Eumolpidarum
1083 2451 1211 2529 gentem
1234 2447 1405 2532 abaliquo
1469 2500 1473 2533 z

217 2555 324 2636 harod,
347 2559 386 2620 ut
408 2574 519 2620 omnes
542 2554 622 2619 alias
646 2559 758 2637 gentes
772 2553 827 2639 ¹⁰⁸)
853 2554 958 2640 (velut
980 2552 1115 2638 Ceryees
1140 2575 1159 2619 a
1184 2554 1319 2640 Ceryoe)
1344 2555 1408 2619 ori·
1470 2568 1474 2639 j

218 2664 325 2748 ginem
349 2682 441 2730 suam
465 2660 598 2728 duxisse
627 2661 835 2727 statuendum
859 2667 958 2743 esset,
988 2662 1078 2727 euius
1100 2681 1218 2727 nomen
1241 2663 1297 2727 vix
1320 2661 1409 2727 alind
1468 2644 1472 2724 ἶ

217 2773 294 2854 fingi
328 2775 439 2858 posset
472 2771 538 2836 nisi
565 2768 755 2856 Eumolpus.
808 2769 875 2836 Iam
908 2770 1009 2852 igitur
1037 2774 1182 2836 veterum
1212 2768 1409 2834 testimoniis

218 2880 328 2946 eonfisi
343 2877 550 2964 Eumolpum,
573 2876 612 2943 de
630 2897 693 2962 quo
710 2877 847 2959 agimus,
864 2875 1130 2962 Eumolpidarum
1145 2895 1217 2942 esse
1233 2875 1408 2965 ἀρχηγέτην

218 2989 285 3055 sive
326 2990 491 3072 ἐπώνυμον
532 2981 752 3070 dieimus‚¹⁰⁹)
794 2983 894 3066 unde,
941 2983 1101 3069 siquidem
1143 2984 1215 3049 iure
1255 2983 1407 3064 diximus,

219 3101 252 3162 et
273 3094 355 3160 illud
378 3096 524 3180 seq-nitur
545 3114 620 3159 non
643 3114 761 3179 posse
776 3092 964 3179 Eumolpi
986 3112 1196 3179 personam
1219 3096 1326 3158 reete
1348 3092 1409 3157 in·

218 3201 376 3284 tellegi,
412 3201 494 3268 nisi
518 3200 562 3266 ab
586 3198 839 3285 Eumolpidis
863 3201 1025 3265 initium
1050 3199 1407 3285 interpretationis
1485 3280 1490 3293 .

153 3362 156 3366 .
217 3309 483 3376 faetumerit.

219 3511 258 3566 Of.
272 3511 403 3567 Lobsok
416 3509 477 3578 Agl.
490 3527 516 3578 p.
527 3508 589 3564 213.
603 3534 637 3545 -
650 3502 694 3574 ¹⁰⁶)
707 3508 842 3563 Nonnulla
855 3524 879 3561 ι.
891 3508 1171 3577 apudLobeokium
1184 3508 1243 3576 Agl.
1253 3524 1280 3576 p.
1291 3505 1409 3560 ala-4.

220 3597 488 3669 [Engelmannum
499 3597 928 3666 inRosoheri„mytholog.Lsx.s.
936 3597 1179 3662 vv.„Ereohthaus“
1191 3601 1217 3652 et
1227 3594 1406 3666 „Eumolpus“

219 3691 325 3744 vixdum
336 3691 467 3757 inspicere
476 3685 565 3758 potui]
576 3715 611 3726 -
623 3681 667 3752 ¹⁰⁷)
678 3688 717 3742 Da
728 3688 893 3755 Eumolpidis
900 3692 1006 3756 praeter
1014 3687 1083 3741 EF.
1094 3687 1259 3741 Hermann
1268 3686 1408 3739 Lohrbuoh

221 3780 269 3832 der
287 3779 552 3848 gottesdienstliohen
570 3778 748 3832 Alterthrimar
766 3774 782 3842 ξ
800 3776 836 3831 25
848 3775 881 3832 n.
902 3775 937 3829 25
956 3778 1076 3831 conferas
1095 3776 1164 3831 (ιιι.
1183 3777 1212 3829 L.
1226 3776 1362 3829 Bossler
1375 3777 1407 3828 de

220 3869 344 3937 gentibus
357 3875 384 3923 et
396 3869 504 3922 familiis
516 3854 621 3921 Atticae
635 3866 844 3921 sacerdotalibus
856 3867 970 3920 Darmst.
983 3865 1052 3920 1833
1066 3882 1091 3934 p
1108 3865 1228 3928 lli-am
1249 3864 1334 3918 Guil.
1347 3864 1407 3918 Pe·

221 3961 338 4010 tarsen
348 3959 516 4024 quaestiones
527 3957 561 4011 de
570 3957 684 4011 historia.
689 3957 807 4025 gentium
812 3955 968 4018 Atticarum,
976 3955 1083 4009 dissin.
1092 3955 1155 4020 Kil„
1166 3954 1256 4008 Slesw.
1263 3954 1332 4007 1880
1342 3971 1367 4022 p.
1375 3955 1410 4007 tl

220 4048 300 4100 -69,
339 4046 462 4101 Strube
491 4049 605 4101 Studien
631 4048 698 4101 fiber
726 4048 778 4101 den
806 4047 970 4101 Bilderkrais
999 4062 1053 4101 ron
1079 4045 1183 4099 Eleusis
1214 4044 1283 4098 1870
1312 4061 1353 4113 cp.
1376 4045 1409 4110 ΙΙ,

219 4154 246 4206 p.
260 4136 294 4190 26
314 4153 387 4206 sqq.;
408 4139 493 4192 multa
507 4140 587 4192 etiam
599 4139 633 4193 ad
646 4144 763 4192 nostram
775 4155 831 4192 rem
844 4139 929 4204 utilia,
948 4137 1104 4206 praesertim
1118 4138 1151 4190 ds
1164 4136 1290 4204 gentibus
1303 4152 1407 4190 eamm-

220 4244 271 4296 que
290 4227 380 4281 indole
399 4232 427 4281 et
449 4228 664 4283 institutionibus
688 4232 728 4283 att
728 4229 779 4282 ulit
797 4228 839 4283 W.
860 4228 1109 4295 Dittenberger‚
1139 4226 1186 4279 Die
1205 4225 1408 4279 Eleusinisahan

219 4316 346 4386 Keryken
365 4317 597 4387 HermesXXp.
619 4319 707 4372 1-40
726 4316 888 4384 (1.-aa5)
853 4311 957 4382 -¹⁰⁸)
976 4317 1253 4383 Dittenbargerl.
1267 4316 1284 4368 l.
1298 4331 1326 4384 p.
1339 4315 1408 4383 3sq.

220 4434 253 4444 -
276 4402 320 4473 ¹⁰⁹)
339 4408 520 4464 Photiuss.
540 4428 565 4463 r.
584 4408 765 4476 Εὐμολπίδαι·
797 4409 900 4480 πατρία
929 4409 984 4462 ἀπὸ
1003 4405 1148 4473 Εὐμόλπου
1176 4407 1275 4474 optime
1294 4407 1344 4459 hoe
1362 4421 1408 4457 ex·
