3136 5078
761 308 801 371 67

186 503 267 569 ridie
291 501 461 588 Zacynthi,
497 523 513 567 e
549 505 679 584 regione
709 503 776 567 fere
800 501 995 588 Triphyliae.
1043 504 1200 570 Auctores
1224 503 1373 569 attulisse

186 609 472 695 Pherecydemmss)
497 614 531 675 et
552 607 803 696 Strabonem248)
828 648 872 658 -
896 615 972 677 sunt
994 615 1027 677 et
1049 610 1106 676 alii
1130 648 1172 660 -
1197 612 1276 677 satis
1301 611 1372 677 erit.

188 715 332 794 Quocum
355 716 503 783 cohaeret
528 717 609 809 lovis
626 718 740 784 Aeneii
756 716 843 803 apud
857 715 1038 783 Hesiodum
1053 718 1250 803 imprecatio,
1276 739 1373 804 quem

187 824 280 891 Zetes
305 829 338 891 et
354 824 470 903 Calais,
495 829 533 890 ut
547 806 710 910 Harpyias
734 844 850 911 capere
873 826 934 892 sibi
952 825 1056 907 detur,
1081 830 1183 891 orant.
1222 826 1271 891 Ac
1294 825 1373 891 fides

187 932 332 998 habenda
348 931 549 1014 scholiastae,
574 933 631 1017 qui
649 930 892 1026 Cephallenium
910 932 1016 1028 lovem
1034 934 1207 1015 significari
1222 931 1372 1020 dicit249)

187 1039 260 1105 Huc
294 1037 419 1104 accedit
454 1040 520 1104 iam
554 1040 588 1104 in
611 1037 792 1125 Naupactio
829 1040 969 1105 carmine
999 1039 1380 1127 OEAQHAIPYIAKUIH„

187 1148 385 1214 domicilium
421 1147 494 1212 dici.
544 1145 637 1212 Addo
667 1167 707 1212 ex
730 1146 927 1232 Apollodoro
963 1146 1002 1212 de
1031 1146 1172 1234 Harpyis
1206 1169 1306 1214 unam
1340 1151 1372 1215 in

187 1255 315 1337 Tigrem
339 1255 550 1340 Peloponnesi
573 1254 705 1319 fluvium
729 1254 900 1336 cecidisse,
929 1255 985 1339 qui
1008 1255 1048 1320 ab
1073 1275 1111 1320 ea
1135 1254 1264 1342 Harpys
1289 1262 1375 1322 esset

186 1359 482 1445 denominatus.2⁵0)
529 1359 619 1426 Haeo
642 1363 749 1426 omnia
774 1381 835 1425 non
860 1369 928 1427 tam
957 1361 999 1426 ad
1012 1360 1191 1446 Bosporum
1216 1367 1372 1448 spectant,

186 1492 281 1556 quam
305 1471 345 1536 ad
370 1490 458 1535 mare
484 1470 606 1535 lonium
630 1478 662 1536 et
686 1468 839 1536 Stoulum.

278 1577 366 1654 Quae
391 1580 419 1642 si
443 1579 700 1663 reputaverimus
724 1579 831 1643 minus
853 1577 962 1663 paullo
984 1579 1050 1643 iam
1065 1578 1263 1660 mirabimur,
1288 1579 1375 1664 quod

187 1685 306 1751 alicubi
330 1705 394 1750 uon
418 1683 589 1765 Thracum,
615 1684 671 1749 sed
694 1684 891 1750 Arcadiae
914 1705 972 1749 rex
996 1683 1135 1750 Phineus
1159 1684 1283 1751 dicitur.
1316 1684 1375 1752 Est

187 1812 263 1857 sane
288 1797 399 1857 auctor
435 1791 521 1857 haud
545 1793 773 1874 gravissimus,
811 1790 971 1878 SN-eryjum,
991 1791 1134 1878 dicam)
1159 1813 1296 1878 quocum
1320 1795 1375 1859 alii

186 1900 388 1983 grammatici
412 1907 599 1982 congruunt.
649 1898 750 1965 Cuius
774 1899 871 1966 verba
893 1901 981 1964 varie
1004 1898 1191 1979 traduntur;
1213 1899 1294 1964 haec
1318 1921 1375 1966 ex-

186 2009 356 2092 scripsisse
373 2007 527 2072 sufficiet:
552 2005 702 2088 ,Phineus
726 2027 784 2072 rex
800 2007 862 2072 tuit
878 2006 1046 2072 Arcadiae.
1087 2005 1148 2071 Hic
1173 2008 1240 2072 suis
1264 2007 1374 2073 liberis

186 2115 379 2202 superduxit
394 2134 580 2194 novercam,
599 2115 690 2180 cuius
709 2115 863 2179 instinctu
880 2134 934 2179 eos
947 2115 1100 2180 caecavit.
1138 2113 1185 2179 Ob
1198 2135 1295 2200 quam
1307 2136 1376 2180 rem

184 2224 259 2288 irati
284 2222 329 2286 dii
353 2223 384 2287 ei
408 2222 516 2288 oculos
542 2223 743 2287 sustulerunt
773 2226 807 2287 et
842 2220 1055 2287 adhibuerunt
1077 2219 1257 2307 Harpyias,
1294 2243 1375 2308 quae

185 2353 256 2398 cum
281 2331 310 2397 ei
334 2330 389 2395 diu
407 2328 494 2395 cibos
518 2329 709 2415 abriperent,
734 2327 963 2395 Iasonem...
989 2330 1132 2415 suscepit
1146 2328 1299 2416 hospiti0,
1324 2332 1375 2395 cui

186 2440 285 2504 etiam
310 2436 474 2501 ductorem
499 2439 644 2519 [propter
661 2434 894 2520 Symplegadas
918 2435 1041 2524 petras]
1067 2434 1165 2502 dedit.
1212 2436 1283 2503 Hoc
1298 2459 1374 2519 ergo

186 2545 338 2610 beneficio
366 2542 477 2606 inlecti
501 2542 706 2623 Argonautae
730 2541 844 2606 Zetum
874 2541 969 2630 [sici]
1000 2547 1033 2607 et
1056 2539 1218 2607 Calain..
1243 2543 1284 2608 ad
1306 2545 1375 2629 pel-

185 2650 298 2716 lendas
321 2647 483 2734 Harpyias
507 2650 682 2730 mIserunt,
712 2668 792 2734 quas
816 2667 890 2712 cum
914 2649 1037 2713 strictis
1061 2647 1176 2730 gladiis
1199 2670 1373 2736 perseque-

184 2765 296 2825 rentur
319 2757 430 2843 pulsas
456 2755 495 2822 de
518 2755 670 2837 Arcadia,
707 2758 925 2841 pervenerunt
948 2754 990 2819 ad
1011 2755 1135 2820 insulas
1160 2776 1242 2840 quae
1266 2757 1374 2844 appel-

183 2866 332 2933 labantur
347 2862 466 2929 Plotae.
506 2867 551 2928 At
573 2883 646 2928 cum
670 2863 806 2929 ulterius
830 2861 950 2928 vellent
972 2862 1114 2946 tendere,
1147 2864 1191 2929 ab.
1211 2864 1293 2931 Iride
1318 2865 1374 2931 ad-

184 2975 313 3054 moniti,
347 2976 384 3037 ut
412 2971 605 3037 desisterent
628 2991 647 3035 a
671 2970 756 3036 loris
780 2970 929 3052 canibus,
966 2990 1042 3036 suos
1066 2976 1293 3037 converterunt
1315 2993 1370 3038 vo-

184 3082 280 3147 latus‘
305 3083 366 3143 etc.

185 3299 281 3368 τήσειν,
303 3298 349 3361 ὅτε
370 3295 401 3348 ἂν
421 3294 563 3354 διώκοντες
580 3295 619 3364 μὴ
639 3293 835 3359 καταλάβωσιν.
865 3320 899 3329 -
929 3291 993 3358 ²4⁷⁸)
1013 3294 1144 3347 Pheres.
1173 3295 1204 3346 lr.
1224 3295 1257 3347 69
1278 3295 1372 3361 (schol.

182 3392 232 3456 Ap.
253 3387 302 3440 Rh.
322 3387 354 3450 II,
374 3383 437 3448 211)
458 3386 499 3438 ὅτι
518 3383 563 3437 διὰ
583 3388 630 3437 τοῦ
649 3380 761 3452 Αἰγαίου
791 3383 888 3435 πόντου
917 3382 971 3436 καί
1000 3386 1057 3436 τοῦ
1085 3382 1258 3437 Σικελικοῦ
1287 3386 1373 3446 αὐτὰς

186 3477 300 3529 ἐδίωκον
313 3469 367 3529 κτὲ.
380 3501 414 3510 -
425 3468 471 3539 ²³⁸)
491 3474 592 3527 Strab.
605 3473 672 3538 VIII,
692 3475 718 3539 4,
739 3472 754 3525 2
773 3489 799 3540 p.
810 3472 863 3525 459
883 3472 953 3526 κατὰ
967 3473 998 3525 δὲ
1012 3473 1059 3542 τὴν
1072 3473 1206 3544 παραλίαν
1225 3473 1325 3544 ταύτην
1346 3476 1375 3527 αἱ

185 3571 237 3617 τῶν
256 3563 444 3635 Κυπαρισσίιον
463 3563 587 3632 πελάγιαι
607 3563 758 3632 πρόκεινται
782 3561 832 3615 δύο
860 3565 933 3629 νῆσοι
961 3559 1230 3632 προσαγορευόμεναι
1250 3561 1373 3633 Στροφά·

185 3657 241 3721 δες,
261 3655 452 3726 τετρακοσίους
471 3654 619 3724 ἀπέχουσαι
630 3652 747 3717 μάλιστά
766 3670 824 3711 πως
842 3655 891 3719 τῆς
913 3652 1027 3722 ἠπείρου
1046 3653 1175 3713 σταδίους
1193 3653 1222 3704 ἐν
1240 3647 1280 3722 τῷ
1293 3650 1372 3719 Λιβυ-

184 3740 224 3816 κῷ
243 3744 287 3797 καλ
305 3739 485 3815 μεσημβρινῷ
505 3742 624 3812 πελάγει.
646 3769 679 3778 -
698 3735 744 3806 ²4⁹)
764 3742 850 3795 Schol.
863 3742 893 3794 L.
907 3743 957 3810 Ap.
970 3742 1021 3795 Rh.
1035 3741 1067 3808 ll,
1081 3741 1132 3796 297
1147 3744 1188 3796 ὅτι
1210 3743 1242 3794 δὲ
1255 3741 1372 3811 ηὔξαντο

183 3833 289 3902 οἱπερὶ
309 3832 398 3903 Ζήτην
418 3827 458 3904 τῷ
478 3832 518 3885 nu
541 3831 708 3901 στραφέντες
736 3830 809 3900 λέγει
828 3831 872 3883 καὶ
897 3825 1027 3890 Ἡσίοδος·
1057 3831 1124 3896 ,ἔνθ’
1144 3829 1213 3901 οἵγ’
1234 3832 1371 3903 εὐχέοιλην

184 3921 282 3994 discip
314 3920 486 3988 ὑψιμέδοντι.“
516 3920 571 3974 ἔστι
598 3920 652 3991 γὰρ
674 3918 752 3980 Αἶνος
775 3921 840 3989 ὅρος
863 3923 911 3986 τῆς
929 3917 1126 3990 Κεφαλληνίας,
1158 3921 1227 3972 ὅπου
1249 3918 1374 3992 Αἷνησίου

186 4013 249 4072 Διὸς
268 4012 342 4082 ἱερόν
362 4014 438 4075 ἐστιν,
467 4011 499 4064 οὗ
517 4010 678 4081 μνημονεύει
697 4007 807 4063 Κλέων
827 4012 858 4061 ἐν
878 4008 1028 4079 περίπλῳ
1058 4009 1096 4073 (ct
1114 4010 1216 4063 Strab.
1235 4010 1272 4074 X,
1292 4011 1317 4076 2,
1340 4011 1372 4065 15

184 4122 209 4172 p.
230 4100 304 4167 456).
334 4130 368 4140 -
397 4094 444 4166 ²⁵⁰)
464 4102 540 4169 Apd.
560 4102 580 4167 1,
600 4101 625 4165 9,
645 4099 689 4166 21,
709 4100 725 4152 7
745 4096 915 4165 (Hesiodidd)
936 4099 1106 4164 διωκομένων
1126 4099 1158 4151 δὲ
1177 4103 1230 4152 τῶν
1246 4095 1373 4169 Ἁρπυιῶν

184 4196 202 4263 ἡ
220 4195 271 4260 μὲν
290 4193 360 4247 κατὰ
381 4193 427 4262 τὴν
448 4190 650 4262 Πελοπόννησον
669 4193 709 4252 εἷς
727 4193 772 4245 τὸν
795 4188 892 4260 Τίγρην
910 4191 1032 4256 ποταμὸν
1051 4190 1186 4256 ἐμπίπτει,
1215 4189 1245 4250 ὃς
1264 4195 1307 4242 νῦν
1326 4193 1371 4244 ἀπ’

185 4284 289 4352 ἐκείνης
302 4277 401 4352 Ἅρπυς
419 4282 548 4335 καλεῖται.
583 4306 615 4318 -
647 4275 692 4347 ⁹⁵¹)
712 4283 798 4336 Serv.
826 4281 957 4348 achrg.
977 4281 1043 4333 Aen.
1064 4279 1181 4346 111‚209
1201 4281 1243 4333 cd.
1263 4281 1371 4348 Thilo,

184 4375 230 4442 qui
259 4375 333 4427 addit
361 4373 578 4441 „exscripserunt
605 4370 905 4426 LactPlacadStat.
927 4367 1171 4436 pronvincias
1200 4371 1329 4438 mythogr.
1349 4371 1370 4437 I,

1155 4456 1192 4511 5*

1424 1946 1535 2114 :ly
